,date,stock_id,deal_price,volume,Time,TickType
0,2020-01-02,2330,332.5,520,09:00:00.646,1
1,2020-01-02,2330,333.0,45,09:00:05.660,1
2,2020-01-02,2330,333.0,22,09:00:10.672,1
3,2020-01-02,2330,333.0,15,09:00:15.686,1
4,2020-01-02,2330,333.5,3,09:00:20.700,1
5,2020-01-02,2330,333.0,20,09:00:25.715,1
6,2020-01-02,2330,333.5,9,09:00:30.728,1
7,2020-01-02,2330,333.5,17,09:00:35.742,1
8,2020-01-02,2330,333.5,19,09:00:40.755,1
9,2020-01-02,2330,333.5,42,09:00:45.769,1
10,2020-01-02,2330,333.5,22,09:00:50.783,1
11,2020-01-02,2330,333.5,4,09:00:55.799,1
12,2020-01-02,2330,333.5,3,09:01:00.812,1
13,2020-01-02,2330,333.5,2,09:01:05.827,1
14,2020-01-02,2330,333.5,3,09:01:10.841,1
15,2020-01-02,2330,334.0,23,09:01:15.855,1
16,2020-01-02,2330,334.0,7,09:01:20.868,1
17,2020-01-02,2330,334.0,39,09:01:25.884,1
18,2020-01-02,2330,334.0,5,09:01:30.898,1
19,2020-01-02,2330,335.0,175,09:01:35.913,1
20,2020-01-02,2330,334.0,15,09:01:40.928,1
21,2020-01-02,2330,334.5,7,09:01:45.943,1
22,2020-01-02,2330,335.0,75,09:01:50.957,1
23,2020-01-02,2330,334.5,9,09:01:55.972,1
24,2020-01-02,2330,334.5,22,09:02:00.985,1
25,2020-01-02,2330,334.5,19,09:02:05.998,1
26,2020-01-02,2330,334.5,6,09:02:11.013,1
27,2020-01-02,2330,334.5,21,09:02:16.071,1
28,2020-01-02,2330,334.0,7,09:02:21.121,1
29,2020-01-02,2330,335.0,211,09:02:26.161,1
30,2020-01-02,2330,335.0,6,09:02:31.197,1
31,2020-01-02,2330,334.5,6,09:02:36.228,1
32,2020-01-02,2330,335.0,3,09:02:41.256,1
33,2020-01-02,2330,334.5,14,09:02:46.281,1
34,2020-01-02,2330,334.5,11,09:02:51.306,1
35,2020-01-02,2330,335.0,11,09:02:56.328,1
36,2020-01-02,2330,335.0,6,09:03:01.350,1
37,2020-01-02,2330,335.0,3,09:03:06.370,1
38,2020-01-02,2330,335.0,6,09:03:11.390,1
39,2020-01-02,2330,335.0,54,09:03:16.410,1
40,2020-01-02,2330,334.5,11,09:03:21.428,1
41,2020-01-02,2330,334.5,7,09:03:26.448,1
42,2020-01-02,2330,334.5,19,09:03:31.467,1
43,2020-01-02,2330,334.5,2,09:03:36.488,1
44,2020-01-02,2330,334.5,9,09:03:41.508,1
45,2020-01-02,2330,335.0,3,09:03:46.528,1
46,2020-01-02,2330,334.5,2,09:03:51.548,1
47,2020-01-02,2330,335.0,90,09:03:56.567,1
48,2020-01-02,2330,335.5,46,09:04:01.586,1
49,2020-01-02,2330,335.5,14,09:04:06.607,1
50,2020-01-02,2330,335.5,5,09:04:11.626,1
51,2020-01-02,2330,335.0,29,09:04:16.644,1
52,2020-01-02,2330,335.0,20,09:04:21.663,1
53,2020-01-02,2330,335.0,29,09:04:26.682,1
54,2020-01-02,2330,335.0,22,09:04:31.702,1
55,2020-01-02,2330,335.5,11,09:04:36.723,1
56,2020-01-02,2330,335.5,37,09:04:41.742,1
57,2020-01-02,2330,335.5,33,09:04:46.761,1
58,2020-01-02,2330,335.5,21,09:04:51.780,1
59,2020-01-02,2330,335.5,16,09:04:56.800,1
60,2020-01-02,2330,335.5,26,09:05:01.821,1
61,2020-01-02,2330,335.5,28,09:05:06.841,1
62,2020-01-02,2330,335.5,48,09:05:11.860,1
63,2020-01-02,2330,335.5,30,09:05:16.880,1
64,2020-01-02,2330,336.0,17,09:05:21.900,1
65,2020-01-02,2330,335.5,19,09:05:26.919,1
66,2020-01-02,2330,335.5,30,09:05:31.939,1
67,2020-01-02,2330,335.5,13,09:05:36.958,1
68,2020-01-02,2330,335.5,16,09:05:41.978,1
69,2020-01-02,2330,335.0,3,09:05:46.997,1
70,2020-01-02,2330,335.5,13,09:05:52.017,1
71,2020-01-02,2330,335.5,19,09:05:57.036,1
72,2020-01-02,2330,335.0,45,09:06:02.053,1
73,2020-01-02,2330,335.5,25,09:06:07.073,1
74,2020-01-02,2330,335.5,2,09:06:12.091,1
75,2020-01-02,2330,335.5,3,09:06:17.112,1
76,2020-01-02,2330,335.0,22,09:06:22.130,1
77,2020-01-02,2330,335.5,8,09:06:27.147,1
78,2020-01-02,2330,335.0,16,09:06:32.164,1
79,2020-01-02,2330,335.0,12,09:06:37.182,1
80,2020-01-02,2330,335.0,2,09:06:42.200,1
81,2020-01-02,2330,335.5,11,09:06:47.220,1
82,2020-01-02,2330,335.5,12,09:06:52.239,1
83,2020-01-02,2330,335.0,3,09:06:57.258,1
84,2020-01-02,2330,335.0,14,09:07:02.277,1
85,2020-01-02,2330,335.0,18,09:07:07.297,1
86,2020-01-02,2330,335.5,5,09:07:12.303,1
87,2020-01-02,2330,335.5,3,09:07:17.477,1
88,2020-01-02,2330,335.5,1,09:07:22.665,1
89,2020-01-02,2330,335.5,3,09:07:27.860,1
90,2020-01-02,2330,335.5,2,09:07:33.059,1
91,2020-01-02,2330,335.0,2,09:07:38.065,1
92,2020-01-02,2330,335.5,46,09:07:43.072,1
93,2020-01-02,2330,335.5,5,09:07:48.082,1
94,2020-01-02,2330,335.5,3,09:07:53.092,1
95,2020-01-02,2330,335.5,13,09:07:58.103,1
96,2020-01-02,2330,335.5,5,09:08:03.116,1
97,2020-01-02,2330,335.0,3,09:08:08.130,1
98,2020-01-02,2330,335.5,3,09:08:13.142,1
99,2020-01-02,2330,335.5,6,09:08:18.156,1
100,2020-01-02,2330,335.5,1,09:08:23.167,1
101,2020-01-02,2330,335.0,3,09:08:28.179,1
102,2020-01-02,2330,335.5,4,09:08:33.193,1
103,2020-01-02,2330,335.5,3,09:08:38.208,1
104,2020-01-02,2330,335.5,1,09:08:43.223,1
105,2020-01-02,2330,335.5,2,09:08:48.238,1
106,2020-01-02,2330,335.5,2,09:08:53.253,1
107,2020-01-02,2330,335.5,11,09:08:58.268,1
108,2020-01-02,2330,335.5,12,09:09:03.282,1
109,2020-01-02,2330,335.5,11,09:09:08.295,1
110,2020-01-02,2330,335.5,31,09:09:13.309,1
111,2020-01-02,2330,335.5,4,09:09:18.325,1
112,2020-01-02,2330,335.5,7,09:09:23.339,1
113,2020-01-02,2330,335.5,23,09:09:28.352,1
114,2020-01-02,2330,335.5,24,09:09:33.366,1
115,2020-01-02,2330,335.5,8,09:09:38.379,1
116,2020-01-02,2330,335.5,18,09:09:43.393,1
117,2020-01-02,2330,335.5,20,09:09:48.408,1
118,2020-01-02,2330,335.5,17,09:09:53.423,1
119,2020-01-02,2330,335.5,6,09:09:58.438,1
120,2020-01-02,2330,335.5,9,09:10:03.450,1
121,2020-01-02,2330,335.5,3,09:10:08.465,1
122,2020-01-02,2330,335.5,18,09:10:13.480,1
123,2020-01-02,2330,335.5,5,09:10:18.493,1
124,2020-01-02,2330,336.0,4,09:10:23.506,1
125,2020-01-02,2330,336.0,6,09:10:28.520,1
126,2020-01-02,2330,335.5,4,09:10:33.534,1
127,2020-01-02,2330,336.0,3,09:10:38.548,1
128,2020-01-02,2330,335.5,3,09:10:43.561,1
129,2020-01-02,2330,335.5,2,09:10:48.575,1
130,2020-01-02,2330,336.0,5,09:10:53.590,1
131,2020-01-02,2330,335.5,2,09:10:58.605,1
132,2020-01-02,2330,335.5,2,09:11:03.619,1
133,2020-01-02,2330,335.5,6,09:11:08.634,1
134,2020-01-02,2330,336.0,3,09:11:13.648,1
135,2020-01-02,2330,335.5,6,09:11:18.664,1
136,2020-01-02,2330,335.5,4,09:11:23.677,1
137,2020-01-02,2330,335.5,12,09:11:28.690,1
138,2020-01-02,2330,335.5,12,09:11:33.704,1
139,2020-01-02,2330,335.5,15,09:11:38.717,1
140,2020-01-02,2330,335.5,19,09:11:43.731,1
141,2020-01-02,2330,335.5,14,09:11:48.745,1
142,2020-01-02,2330,335.5,8,09:11:53.761,1
143,2020-01-02,2330,335.0,8,09:11:58.776,1
144,2020-01-02,2330,335.0,4,09:12:03.790,1
145,2020-01-02,2330,335.0,5,09:12:08.804,1
146,2020-01-02,2330,335.5,1,09:12:13.845,1
147,2020-01-02,2330,335.5,2,09:12:18.899,1
148,2020-01-02,2330,335.5,2,09:12:23.943,1
149,2020-01-02,2330,335.5,5,09:12:28.979,1
150,2020-01-02,2330,335.5,2,09:12:34.012,1
151,2020-01-02,2330,335.0,5,09:12:39.040,1
152,2020-01-02,2330,335.5,3,09:12:44.067,1
153,2020-01-02,2330,335.0,3,09:12:49.092,1
154,2020-01-02,2330,335.0,3,09:12:54.114,1
155,2020-01-02,2330,335.5,2,09:12:59.135,1
156,2020-01-02,2330,335.0,3,09:13:04.157,1
157,2020-01-02,2330,335.5,3,09:13:09.176,1
158,2020-01-02,2330,335.5,3,09:13:14.195,1
159,2020-01-02,2330,335.5,4,09:13:19.215,1
160,2020-01-02,2330,335.0,5,09:13:24.233,1
161,2020-01-02,2330,335.5,6,09:13:29.252,1
162,2020-01-02,2330,335.5,2,09:13:34.273,1
163,2020-01-02,2330,335.0,6,09:13:39.292,1
164,2020-01-02,2330,335.5,5,09:13:44.312,1
165,2020-01-02,2330,335.5,1,09:13:49.330,1
166,2020-01-02,2330,335.5,1,09:13:54.351,1
167,2020-01-02,2330,335.0,10,09:13:59.371,1
168,2020-01-02,2330,335.5,2,09:14:04.390,1
169,2020-01-02,2330,335.0,4,09:14:09.410,1
170,2020-01-02,2330,335.5,2,09:14:14.431,1
171,2020-01-02,2330,335.0,6,09:14:19.450,1
172,2020-01-02,2330,335.0,5,09:14:24.468,1
173,2020-01-02,2330,335.5,2,09:14:29.488,1
174,2020-01-02,2330,335.0,5,09:14:34.508,1
175,2020-01-02,2330,335.0,2,09:14:39.528,1
176,2020-01-02,2330,335.0,6,09:14:44.547,1
177,2020-01-02,2330,335.0,1,09:14:49.567,1
178,2020-01-02,2330,335.5,2,09:14:54.587,1
179,2020-01-02,2330,335.5,7,09:14:59.606,1
180,2020-01-02,2330,335.0,8,09:15:04.627,1
181,2020-01-02,2330,335.5,1,09:15:09.646,1
182,2020-01-02,2330,335.0,3,09:15:14.666,1
183,2020-01-02,2330,335.5,4,09:15:19.686,1
184,2020-01-02,2330,335.5,2,09:15:24.705,1
185,2020-01-02,2330,335.0,6,09:15:29.726,1
186,2020-01-02,2330,335.0,4,09:15:34.743,1
187,2020-01-02,2330,335.0,9,09:15:39.763,1
188,2020-01-02,2330,335.0,32,09:15:44.782,1
189,2020-01-02,2330,335.5,4,09:15:49.801,1
190,2020-01-02,2330,335.0,3,09:15:54.821,1
191,2020-01-02,2330,335.5,2,09:15:59.839,1
192,2020-01-02,2330,335.5,3,09:16:04.860,1
193,2020-01-02,2330,335.5,9,09:16:09.878,1
194,2020-01-02,2330,335.0,10,09:16:14.896,1
195,2020-01-02,2330,335.5,11,09:16:19.915,1
196,2020-01-02,2330,335.0,8,09:16:24.936,1
197,2020-01-02,2330,335.0,13,09:16:29.955,1
198,2020-01-02,2330,335.0,10,09:16:34.973,1
199,2020-01-02,2330,335.0,15,09:16:39.992,1
200,2020-01-02,2330,335.0,12,09:16:45.011,1
201,2020-01-02,2330,335.5,9,09:16:50.032,1
202,2020-01-02,2330,335.0,9,09:16:55.052,1
203,2020-01-02,2330,335.0,4,09:17:00.071,1
204,2020-01-02,2330,335.0,20,09:17:05.090,1
205,2020-01-02,2330,335.5,19,09:17:10.109,1
206,2020-01-02,2330,335.5,6,09:17:15.285,1
207,2020-01-02,2330,335.0,4,09:17:20.467,1
208,2020-01-02,2330,335.0,21,09:17:25.659,1
209,2020-01-02,2330,335.5,1,09:17:30.856,1
210,2020-01-02,2330,335.5,3,09:17:35.860,1
211,2020-01-02,2330,335.0,4,09:17:40.865,1
212,2020-01-02,2330,335.5,7,09:17:45.874,1
213,2020-01-02,2330,335.0,11,09:17:50.884,1
214,2020-01-02,2330,335.5,14,09:17:55.894,1
215,2020-01-02,2330,335.0,7,09:18:00.906,1
216,2020-01-02,2330,335.0,2,09:18:05.920,1
217,2020-01-02,2330,335.0,14,09:18:10.932,1
218,2020-01-02,2330,335.0,3,09:18:15.944,1
219,2020-01-02,2330,335.0,6,09:18:20.957,1
220,2020-01-02,2330,335.5,3,09:18:25.971,1
221,2020-01-02,2330,335.0,6,09:18:30.984,1
222,2020-01-02,2330,335.0,10,09:18:35.997,1
223,2020-01-02,2330,335.5,8,09:18:41.010,1
224,2020-01-02,2330,335.5,3,09:18:46.025,1
225,2020-01-02,2330,335.5,2,09:18:51.040,1
226,2020-01-02,2330,335.5,3,09:18:56.053,1
227,2020-01-02,2330,335.0,12,09:19:01.067,1
228,2020-01-02,2330,335.0,1,09:19:06.082,1
229,2020-01-02,2330,335.0,13,09:19:11.096,1
230,2020-01-02,2330,335.0,39,09:19:16.110,1
231,2020-01-02,2330,335.0,82,09:19:21.125,1
232,2020-01-02,2330,335.0,56,09:19:26.140,1
233,2020-01-02,2330,335.0,60,09:19:31.154,1
234,2020-01-02,2330,335.0,214,09:19:36.168,1
235,2020-01-02,2330,335.0,2,09:19:41.183,1
236,2020-01-02,2330,335.0,1,09:19:46.198,1
237,2020-01-02,2330,335.0,2,09:19:51.212,1
238,2020-01-02,2330,334.5,9,09:19:56.225,1
239,2020-01-02,2330,334.5,11,09:20:01.238,1
240,2020-01-02,2330,334.5,32,09:20:06.252,1
241,2020-01-02,2330,334.5,5,09:20:11.266,1
242,2020-01-02,2330,335.0,2,09:20:16.282,1
243,2020-01-02,2330,334.5,8,09:20:21.295,1
244,2020-01-02,2330,334.5,2,09:20:26.309,1
245,2020-01-02,2330,335.0,4,09:20:31.324,1
246,2020-01-02,2330,334.5,23,09:20:36.339,1
247,2020-01-02,2330,334.5,10,09:20:41.354,1
248,2020-01-02,2330,334.5,13,09:20:46.370,1
249,2020-01-02,2330,334.5,2,09:20:51.385,1
250,2020-01-02,2330,334.5,16,09:20:56.400,1
251,2020-01-02,2330,334.5,22,09:21:01.414,1
252,2020-01-02,2330,334.5,25,09:21:06.428,1
253,2020-01-02,2330,334.5,30,09:21:11.444,1
254,2020-01-02,2330,334.5,128,09:21:16.458,1
255,2020-01-02,2330,334.0,16,09:21:21.473,1
256,2020-01-02,2330,334.5,1,09:21:26.487,1
257,2020-01-02,2330,334.5,4,09:21:31.502,1
258,2020-01-02,2330,334.5,2,09:21:36.516,1
259,2020-01-02,2330,334.5,12,09:21:41.531,1
260,2020-01-02,2330,334.0,4,09:21:46.547,1
261,2020-01-02,2330,334.5,2,09:21:51.562,1
262,2020-01-02,2330,334.0,5,09:21:56.576,1
263,2020-01-02,2330,334.0,9,09:22:01.590,1
264,2020-01-02,2330,334.0,2,09:22:06.602,1
265,2020-01-02,2330,334.0,1,09:22:11.624,1
266,2020-01-02,2330,334.0,7,09:22:16.683,1
267,2020-01-02,2330,334.0,3,09:22:21.731,1
268,2020-01-02,2330,334.5,11,09:22:26.770,1
269,2020-01-02,2330,334.5,14,09:22:31.805,1
270,2020-01-02,2330,334.5,2,09:22:36.836,1
271,2020-01-02,2330,334.0,8,09:22:41.864,1
272,2020-01-02,2330,334.0,6,09:22:46.889,1
273,2020-01-02,2330,334.5,3,09:22:51.912,1
274,2020-01-02,2330,334.0,6,09:22:56.935,1
275,2020-01-02,2330,334.0,2,09:23:01.957,1
276,2020-01-02,2330,334.0,7,09:23:06.979,1
277,2020-01-02,2330,334.0,13,09:23:11.999,1
278,2020-01-02,2330,334.0,4,09:23:17.019,1
279,2020-01-02,2330,334.0,7,09:23:22.039,1
280,2020-01-02,2330,334.0,11,09:23:27.057,1
281,2020-01-02,2330,334.0,4,09:23:32.077,1
282,2020-01-02,2330,334.0,8,09:23:37.095,1
283,2020-01-02,2330,334.0,8,09:23:42.115,1
284,2020-01-02,2330,334.0,4,09:23:47.135,1
285,2020-01-02,2330,334.0,113,09:23:52.155,1
286,2020-01-02,2330,334.0,221,09:23:57.175,1
287,2020-01-02,2330,334.0,135,09:24:02.194,1
288,2020-01-02,2330,334.0,39,09:24:07.215,1
289,2020-01-02,2330,333.5,14,09:24:12.234,1
290,2020-01-02,2330,333.5,1,09:24:17.253,1
291,2020-01-02,2330,333.5,3,09:24:22.272,1
292,2020-01-02,2330,333.5,16,09:24:27.292,1
293,2020-01-02,2330,333.5,2,09:24:32.312,1
294,2020-01-02,2330,334.0,8,09:24:37.330,1
295,2020-01-02,2330,334.0,1,09:24:42.348,1
296,2020-01-02,2330,333.5,4,09:24:47.367,1
297,2020-01-02,2330,333.5,10,09:24:52.387,1
298,2020-01-02,2330,334.0,3,09:24:57.407,1
299,2020-01-02,2330,334.0,2,09:25:02.427,1
300,2020-01-02,2330,333.5,5,09:25:07.446,1
301,2020-01-02,2330,333.5,5,09:25:12.465,1
302,2020-01-02,2330,334.0,2,09:25:17.484,1
303,2020-01-02,2330,334.0,3,09:25:22.505,1
304,2020-01-02,2330,333.5,6,09:25:27.523,1
305,2020-01-02,2330,333.5,9,09:25:32.542,1
306,2020-01-02,2330,334.0,4,09:25:37.562,1
307,2020-01-02,2330,334.0,2,09:25:42.581,1
308,2020-01-02,2330,334.0,201,09:25:47.599,1
309,2020-01-02,2330,334.0,32,09:25:52.620,1
310,2020-01-02,2330,334.0,59,09:25:57.639,1
311,2020-01-02,2330,334.5,7,09:26:02.658,1
312,2020-01-02,2330,334.0,5,09:26:07.676,1
313,2020-01-02,2330,334.0,7,09:26:12.694,1
314,2020-01-02,2330,334.0,5,09:26:17.711,1
315,2020-01-02,2330,334.0,2,09:26:22.731,1
316,2020-01-02,2330,334.5,7,09:26:27.750,1
317,2020-01-02,2330,334.0,15,09:26:32.768,1
318,2020-01-02,2330,334.0,3,09:26:37.788,1
319,2020-01-02,2330,334.0,5,09:26:42.808,1
320,2020-01-02,2330,334.0,1,09:26:47.827,1
321,2020-01-02,2330,334.0,12,09:26:52.846,1
322,2020-01-02,2330,334.5,2,09:26:57.865,1
323,2020-01-02,2330,334.5,1,09:27:02.885,1
324,2020-01-02,2330,334.5,2,09:27:07.904,1
325,2020-01-02,2330,334.5,2,09:27:13.100,1
326,2020-01-02,2330,334.5,1,09:27:18.277,1
327,2020-01-02,2330,334.5,2,09:27:23.463,1
328,2020-01-02,2330,334.5,12,09:27:28.658,1
329,2020-01-02,2330,334.0,9,09:27:33.858,1
330,2020-01-02,2330,334.5,2,09:27:38.863,1
331,2020-01-02,2330,334.5,1,09:27:43.871,1
332,2020-01-02,2330,334.5,2,09:27:48.881,1
333,2020-01-02,2330,334.5,8,09:27:53.890,1
334,2020-01-02,2330,334.5,3,09:27:58.903,1
335,2020-01-02,2330,334.5,3,09:28:03.916,1
336,2020-01-02,2330,334.0,8,09:28:08.929,1
337,2020-01-02,2330,334.5,5,09:28:13.940,1
338,2020-01-02,2330,334.5,4,09:28:18.953,1
339,2020-01-02,2330,334.5,2,09:28:23.967,1
340,2020-01-02,2330,334.5,2,09:28:28.981,1
341,2020-01-02,2330,334.5,2,09:28:33.995,1
342,2020-01-02,2330,334.5,1,09:28:39.008,1
343,2020-01-02,2330,334.0,4,09:28:44.024,1
344,2020-01-02,2330,334.5,10,09:28:49.039,1
345,2020-01-02,2330,334.0,8,09:28:54.054,1
346,2020-01-02,2330,334.5,2,09:28:59.069,1
347,2020-01-02,2330,334.5,3,09:29:04.083,1
348,2020-01-02,2330,334.5,1,09:29:09.098,1
349,2020-01-02,2330,334.5,2,09:29:14.114,1
350,2020-01-02,2330,334.5,2,09:29:19.128,1
351,2020-01-02,2330,334.5,3,09:29:24.142,1
352,2020-01-02,2330,334.0,5,09:29:29.157,1
353,2020-01-02,2330,334.0,9,09:29:34.171,1
354,2020-01-02,2330,334.5,2,09:29:39.186,1
355,2020-01-02,2330,334.0,5,09:29:44.200,1
356,2020-01-02,2330,334.0,6,09:29:49.213,1
357,2020-01-02,2330,334.0,1,09:29:54.228,1
358,2020-01-02,2330,334.0,1,09:29:59.243,1
359,2020-01-02,2330,334.5,2,09:30:04.257,1
360,2020-01-02,2330,334.0,8,09:30:09.269,1
361,2020-01-02,2330,334.5,2,09:30:14.285,1
362,2020-01-02,2330,334.0,6,09:30:19.299,1
363,2020-01-02,2330,334.5,5,09:30:24.314,1
364,2020-01-02,2330,334.0,9,09:30:29.329,1
365,2020-01-02,2330,334.5,2,09:30:34.343,1
366,2020-01-02,2330,334.0,3,09:30:39.358,1
367,2020-01-02,2330,334.0,4,09:30:44.373,1
368,2020-01-02,2330,334.5,1,09:30:49.388,1
369,2020-01-02,2330,334.5,1,09:30:54.402,1
370,2020-01-02,2330,334.5,1,09:30:59.415,1
371,2020-01-02,2330,334.5,1,09:31:04.428,1
372,2020-01-02,2330,334.5,3,09:31:09.441,1
373,2020-01-02,2330,334.0,4,09:31:14.454,1
374,2020-01-02,2330,334.5,2,09:31:19.470,1
375,2020-01-02,2330,334.5,7,09:31:24.483,1
376,2020-01-02,2330,334.5,2,09:31:29.496,1
377,2020-01-02,2330,334.0,6,09:31:34.509,1
378,2020-01-02,2330,334.5,3,09:31:39.523,1
379,2020-01-02,2330,334.5,2,09:31:44.537,1
380,2020-01-02,2330,334.5,1,09:31:49.552,1
381,2020-01-02,2330,334.5,3,09:31:54.566,1
382,2020-01-02,2330,334.5,1,09:31:59.580,1
383,2020-01-02,2330,334.5,1,09:32:04.595,1
384,2020-01-02,2330,334.0,9,09:32:09.609,1
385,2020-01-02,2330,334.5,3,09:32:14.659,1
386,2020-01-02,2330,334.5,71,09:32:19.710,1
387,2020-01-02,2330,334.5,3,09:32:24.751,1
388,2020-01-02,2330,334.5,3,09:32:29.785,1
389,2020-01-02,2330,334.5,3,09:32:34.818,1
390,2020-01-02,2330,334.5,1,09:32:39.847,1
391,2020-01-02,2330,334.0,4,09:32:44.874,1
392,2020-01-02,2330,334.5,2,09:32:49.897,1
393,2020-01-02,2330,334.0,15,09:32:54.920,1
394,2020-01-02,2330,334.5,4,09:32:59.943,1
395,2020-01-02,2330,334.5,1,09:33:04.965,1
396,2020-01-02,2330,334.5,2,09:33:09.982,1
397,2020-01-02,2330,334.0,7,09:33:15.002,1
398,2020-01-02,2330,334.0,3,09:33:20.020,1
399,2020-01-02,2330,334.5,1,09:33:25.041,1
400,2020-01-02,2330,334.0,6,09:33:30.060,1
401,2020-01-02,2330,334.0,2,09:33:35.079,1
402,2020-01-02,2330,334.5,1,09:33:40.100,1
403,2020-01-02,2330,334.5,4,09:33:45.117,1
404,2020-01-02,2330,334.5,2,09:33:50.135,1
405,2020-01-02,2330,334.0,6,09:33:55.156,1
406,2020-01-02,2330,334.5,2,09:34:00.176,1
407,2020-01-02,2330,334.5,2,09:34:05.196,1
408,2020-01-02,2330,334.0,10,09:34:10.214,1
409,2020-01-02,2330,334.5,2,09:34:15.234,1
410,2020-01-02,2330,334.5,1,09:34:20.250,1
411,2020-01-02,2330,334.5,3,09:34:25.269,1
412,2020-01-02,2330,334.5,3,09:34:30.286,1
413,2020-01-02,2330,334.0,6,09:34:35.305,1
414,2020-01-02,2330,334.0,7,09:34:40.325,1
415,2020-01-02,2330,334.5,2,09:34:45.346,1
416,2020-01-02,2330,334.5,2,09:34:50.366,1
417,2020-01-02,2330,334.5,2,09:34:55.386,1
418,2020-01-02,2330,334.5,6,09:35:00.403,1
419,2020-01-02,2330,334.5,4,09:35:05.422,1
420,2020-01-02,2330,334.0,16,09:35:10.440,1
421,2020-01-02,2330,334.0,6,09:35:15.461,1
422,2020-01-02,2330,334.5,3,09:35:20.480,1
423,2020-01-02,2330,334.0,12,09:35:25.500,1
424,2020-01-02,2330,334.5,3,09:35:30.519,1
425,2020-01-02,2330,334.5,3,09:35:35.538,1
426,2020-01-02,2330,334.5,2,09:35:40.559,1
427,2020-01-02,2330,334.5,1,09:35:45.577,1
428,2020-01-02,2330,334.5,2,09:35:50.596,1
429,2020-01-02,2330,334.5,1,09:35:55.615,1
430,2020-01-02,2330,334.0,6,09:36:00.634,1
431,2020-01-02,2330,334.0,8,09:36:05.654,1
432,2020-01-02,2330,334.0,1,09:36:10.673,1
433,2020-01-02,2330,334.5,1,09:36:15.692,1
434,2020-01-02,2330,334.5,5,09:36:20.712,1
435,2020-01-02,2330,334.5,2,09:36:25.731,1
436,2020-01-02,2330,334.5,1,09:36:30.750,1
437,2020-01-02,2330,334.5,3,09:36:35.769,1
438,2020-01-02,2330,334.5,2,09:36:40.789,1
439,2020-01-02,2330,334.5,2,09:36:45.807,1
440,2020-01-02,2330,334.5,2,09:36:50.824,1
441,2020-01-02,2330,334.5,1,09:36:55.842,1
442,2020-01-02,2330,334.0,5,09:37:00.861,1
443,2020-01-02,2330,334.5,2,09:37:05.882,1
444,2020-01-02,2330,334.5,12,09:37:10.900,1
445,2020-01-02,2330,334.5,15,09:37:16.074,1
446,2020-01-02,2330,334.0,3,09:37:21.256,1
447,2020-01-02,2330,334.5,2,09:37:26.449,1
448,2020-01-02,2330,334.5,1,09:37:31.647,1
449,2020-01-02,2330,334.0,47,09:37:36.649,1
450,2020-01-02,2330,334.5,2,09:37:41.655,1
451,2020-01-02,2330,334.0,117,09:37:46.664,1
452,2020-01-02,2330,334.0,1,09:37:51.673,1
453,2020-01-02,2330,334.0,56,09:37:56.685,1
454,2020-01-02,2330,334.0,6,09:38:01.695,1
455,2020-01-02,2330,334.0,4,09:38:06.707,1
456,2020-01-02,2330,334.5,2,09:38:11.720,1
457,2020-01-02,2330,334.5,1,09:38:16.734,1
458,2020-01-02,2330,334.0,5,09:38:21.747,1
459,2020-01-02,2330,334.5,3,09:38:26.761,1
460,2020-01-02,2330,334.5,1,09:38:31.772,1
461,2020-01-02,2330,334.5,1,09:38:36.785,1
462,2020-01-02,2330,334.5,2,09:38:41.799,1
463,2020-01-02,2330,334.0,6,09:38:46.814,1
464,2020-01-02,2330,334.0,7,09:38:51.827,1
465,2020-01-02,2330,334.5,2,09:38:56.842,1
466,2020-01-02,2330,334.5,1,09:39:01.855,1
467,2020-01-02,2330,334.5,2,09:39:06.869,1
468,2020-01-02,2330,334.5,5,09:39:11.884,1
469,2020-01-02,2330,334.5,2,09:39:16.898,1
470,2020-01-02,2330,334.5,4,09:39:21.910,1
471,2020-01-02,2330,334.5,3,09:39:26.924,1
472,2020-01-02,2330,334.0,2,09:39:31.937,1
473,2020-01-02,2330,334.5,2,09:39:36.951,1
474,2020-01-02,2330,334.5,3,09:39:41.965,1
475,2020-01-02,2330,334.5,2,09:39:46.979,1
476,2020-01-02,2330,334.0,3,09:39:51.991,1
477,2020-01-02,2330,334.0,1,09:39:57.007,1
478,2020-01-02,2330,334.0,3,09:40:02.021,1
479,2020-01-02,2330,334.5,1,09:40:07.035,1
480,2020-01-02,2330,334.0,2,09:40:12.050,1
481,2020-01-02,2330,334.0,4,09:40:17.064,1
482,2020-01-02,2330,334.5,3,09:40:22.078,1
483,2020-01-02,2330,334.0,3,09:40:27.091,1
484,2020-01-02,2330,334.5,4,09:40:32.103,1
485,2020-01-02,2330,334.5,1,09:40:37.118,1
486,2020-01-02,2330,334.5,1,09:40:42.131,1
487,2020-01-02,2330,334.5,3,09:40:47.145,1
488,2020-01-02,2330,334.5,1,09:40:52.160,1
489,2020-01-02,2330,334.5,2,09:40:57.173,1
490,2020-01-02,2330,334.5,2,09:41:02.189,1
491,2020-01-02,2330,334.5,2,09:41:07.204,1
492,2020-01-02,2330,334.5,4,09:41:12.219,1
493,2020-01-02,2330,334.5,3,09:41:17.234,1
494,2020-01-02,2330,334.5,2,09:41:22.248,1
495,2020-01-02,2330,334.5,2,09:41:27.263,1
496,2020-01-02,2330,334.0,6,09:41:32.277,1
497,2020-01-02,2330,334.5,2,09:41:37.291,1
498,2020-01-02,2330,334.5,3,09:41:42.306,1
499,2020-01-02,2330,334.5,2,09:41:47.320,1
500,2020-01-02,2330,334.5,1,09:41:52.334,1
501,2020-01-02,2330,334.5,1,09:41:57.350,1
502,2020-01-02,2330,334.5,2,09:42:02.365,1
503,2020-01-02,2330,334.5,1,09:42:07.379,1
504,2020-01-02,2330,334.5,2,09:42:12.409,1
505,2020-01-02,2330,334.5,38,09:42:17.465,1
506,2020-01-02,2330,334.5,3,09:42:22.510,1
507,2020-01-02,2330,334.0,2,09:42:27.548,1
508,2020-01-02,2330,334.0,1,09:42:32.581,1
509,2020-01-02,2330,334.5,2,09:42:37.610,1
510,2020-01-02,2330,334.5,4,09:42:42.637,1
511,2020-01-02,2330,334.5,1,09:42:47.661,1
512,2020-01-02,2330,334.5,4,09:42:52.683,1
513,2020-01-02,2330,334.5,2,09:42:57.706,1
514,2020-01-02,2330,334.5,5,09:43:02.727,1
515,2020-01-02,2330,334.5,3,09:43:07.749,1
516,2020-01-02,2330,334.5,1,09:43:12.770,1
517,2020-01-02,2330,334.5,1,09:43:17.790,1
518,2020-01-02,2330,334.5,2,09:43:22.809,1
519,2020-01-02,2330,334.5,2,09:43:27.827,1
520,2020-01-02,2330,334.5,4,09:43:32.845,1
521,2020-01-02,2330,334.5,2,09:43:37.864,1
522,2020-01-02,2330,334.5,1,09:43:42.883,1
523,2020-01-02,2330,334.5,2,09:43:47.904,1
524,2020-01-02,2330,334.5,3,09:43:52.924,1
525,2020-01-02,2330,334.5,2,09:43:57.943,1
526,2020-01-02,2330,334.5,2,09:44:02.961,1
527,2020-01-02,2330,334.5,2,09:44:07.981,1
528,2020-01-02,2330,334.5,2,09:44:13.001,1
529,2020-01-02,2330,334.5,4,09:44:18.019,1
530,2020-01-02,2330,334.5,1,09:44:23.038,1
531,2020-01-02,2330,334.0,5,09:44:28.057,1
532,2020-01-02,2330,334.5,2,09:44:33.074,1
533,2020-01-02,2330,334.5,2,09:44:38.093,1
534,2020-01-02,2330,334.0,7,09:44:43.113,1
535,2020-01-02,2330,334.5,3,09:44:48.132,1
536,2020-01-02,2330,334.0,2,09:44:53.151,1
537,2020-01-02,2330,334.0,2,09:44:58.170,1
538,2020-01-02,2330,334.0,1,09:45:03.190,1
539,2020-01-02,2330,334.5,2,09:45:08.210,1
540,2020-01-02,2330,334.5,2,09:45:13.230,1
541,2020-01-02,2330,334.5,1,09:45:18.250,1
542,2020-01-02,2330,334.5,1,09:45:23.270,1
543,2020-01-02,2330,334.5,4,09:45:28.288,1
544,2020-01-02,2330,334.5,4,09:45:33.307,1
545,2020-01-02,2330,334.0,7,09:45:38.326,1
546,2020-01-02,2330,334.0,3,09:45:43.345,1
547,2020-01-02,2330,334.5,2,09:45:48.364,1
548,2020-01-02,2330,334.0,3,09:45:53.383,1
549,2020-01-02,2330,334.5,2,09:45:58.402,1
550,2020-01-02,2330,334.5,3,09:46:03.422,1
551,2020-01-02,2330,334.5,1,09:46:08.441,1
552,2020-01-02,2330,334.5,2,09:46:13.460,1
553,2020-01-02,2330,334.0,5,09:46:18.481,1
554,2020-01-02,2330,334.5,3,09:46:23.499,1
555,2020-01-02,2330,334.5,2,09:46:28.518,1
556,2020-01-02,2330,334.5,2,09:46:33.536,1
557,2020-01-02,2330,334.5,1,09:46:38.554,1
558,2020-01-02,2330,334.5,3,09:46:43.573,1
559,2020-01-02,2330,334.5,7,09:46:48.593,1
560,2020-01-02,2330,334.5,1,09:46:53.613,1
561,2020-01-02,2330,334.0,3,09:46:58.632,1
562,2020-01-02,2330,334.5,2,09:47:03.651,1
563,2020-01-02,2330,334.0,5,09:47:08.670,1
564,2020-01-02,2330,334.5,3,09:47:13.862,1
565,2020-01-02,2330,334.5,1,09:47:19.042,1
566,2020-01-02,2330,334.5,1,09:47:24.232,1
567,2020-01-02,2330,334.5,2,09:47:29.426,1
568,2020-01-02,2330,334.5,4,09:47:34.427,1
569,2020-01-02,2330,334.5,3,09:47:39.431,1
570,2020-01-02,2330,334.5,1,09:47:44.440,1
571,2020-01-02,2330,334.5,2,09:47:49.448,1
572,2020-01-02,2330,334.0,5,09:47:54.460,1
573,2020-01-02,2330,334.0,2,09:47:59.470,1
574,2020-01-02,2330,334.5,8,09:48:04.484,1
575,2020-01-02,2330,334.5,2,09:48:09.495,1
576,2020-01-02,2330,334.5,5,09:48:14.508,1
577,2020-01-02,2330,334.5,4,09:48:19.521,1
578,2020-01-02,2330,334.5,6,09:48:24.535,1
579,2020-01-02,2330,334.5,32,09:48:29.549,1
580,2020-01-02,2330,334.5,31,09:48:34.564,1
581,2020-01-02,2330,334.5,24,09:48:39.578,1
582,2020-01-02,2330,334.5,16,09:48:44.592,1
583,2020-01-02,2330,334.5,276,09:48:49.608,1
584,2020-01-02,2330,334.5,168,09:48:54.623,1
585,2020-01-02,2330,334.5,76,09:48:59.638,1
586,2020-01-02,2330,335.0,2,09:49:04.652,1
587,2020-01-02,2330,334.5,29,09:49:09.666,1
588,2020-01-02,2330,335.0,12,09:49:14.681,1
589,2020-01-02,2330,335.0,3,09:49:19.695,1
590,2020-01-02,2330,335.0,3,09:49:24.710,1
591,2020-01-02,2330,335.0,2,09:49:29.724,1
592,2020-01-02,2330,335.0,53,09:49:34.737,1
593,2020-01-02,2330,335.0,1,09:49:39.748,1
594,2020-01-02,2330,335.0,3,09:49:44.762,1
595,2020-01-02,2330,335.0,4,09:49:49.777,1
596,2020-01-02,2330,334.5,3,09:49:54.791,1
597,2020-01-02,2330,335.0,3,09:49:59.806,1
598,2020-01-02,2330,335.0,2,09:50:04.819,1
599,2020-01-02,2330,335.0,2,09:50:09.833,1
600,2020-01-02,2330,335.0,6,09:50:14.848,1
601,2020-01-02,2330,335.0,2,09:50:19.862,1
602,2020-01-02,2330,335.0,3,09:50:24.874,1
603,2020-01-02,2330,335.0,1,09:50:29.889,1
604,2020-01-02,2330,335.0,3,09:50:34.902,1
605,2020-01-02,2330,335.0,3,09:50:39.916,1
606,2020-01-02,2330,335.0,2,09:50:44.928,1
607,2020-01-02,2330,335.0,3,09:50:49.943,1
608,2020-01-02,2330,335.0,3,09:50:54.957,1
609,2020-01-02,2330,335.0,3,09:50:59.972,1
610,2020-01-02,2330,335.0,4,09:51:04.987,1
611,2020-01-02,2330,335.0,4,09:51:10.002,1
612,2020-01-02,2330,335.0,1,09:51:15.015,1
613,2020-01-02,2330,334.5,1,09:51:20.030,1
614,2020-01-02,2330,335.0,11,09:51:25.044,1
615,2020-01-02,2330,335.0,3,09:51:30.058,1
616,2020-01-02,2330,335.0,2,09:51:35.071,1
617,2020-01-02,2330,335.0,2,09:51:40.085,1
618,2020-01-02,2330,335.0,5,09:51:45.099,1
619,2020-01-02,2330,335.0,1,09:51:50.114,1
620,2020-01-02,2330,335.0,3,09:51:55.129,1
621,2020-01-02,2330,335.0,1,09:52:00.145,1
622,2020-01-02,2330,335.0,2,09:52:05.159,1
623,2020-01-02,2330,335.0,8,09:52:10.174,1
624,2020-01-02,2330,335.0,4,09:52:15.229,1
625,2020-01-02,2330,335.0,2,09:52:20.279,1
626,2020-01-02,2330,335.0,2,09:52:25.321,1
627,2020-01-02,2330,335.0,3,09:52:30.355,1
628,2020-01-02,2330,334.5,2,09:52:35.387,1
629,2020-01-02,2330,335.0,1,09:52:40.415,1
630,2020-01-02,2330,335.0,5,09:52:45.440,1
631,2020-01-02,2330,335.0,1,09:52:50.464,1
632,2020-01-02,2330,335.0,2,09:52:55.486,1
633,2020-01-02,2330,335.0,2,09:53:00.509,1
634,2020-01-02,2330,335.0,2,09:53:05.530,1
635,2020-01-02,2330,334.5,7,09:53:10.550,1
636,2020-01-02,2330,335.0,3,09:53:15.571,1
637,2020-01-02,2330,335.0,1,09:53:20.590,1
638,2020-01-02,2330,335.0,4,09:53:25.611,1
639,2020-01-02,2330,335.0,3,09:53:30.630,1
640,2020-01-02,2330,335.0,2,09:53:35.650,1
641,2020-01-02,2330,334.5,2,09:53:40.670,1
642,2020-01-02,2330,335.0,3,09:53:45.691,1
643,2020-01-02,2330,335.0,2,09:53:50.710,1
644,2020-01-02,2330,335.0,2,09:53:55.728,1
645,2020-01-02,2330,335.0,3,09:54:00.747,1
646,2020-01-02,2330,335.0,1,09:54:05.768,1
647,2020-01-02,2330,335.0,5,09:54:10.788,1
648,2020-01-02,2330,335.0,3,09:54:15.807,1
649,2020-01-02,2330,334.5,2,09:54:20.826,1
650,2020-01-02,2330,334.5,1,09:54:25.842,1
651,2020-01-02,2330,335.0,3,09:54:30.860,1
652,2020-01-02,2330,335.0,2,09:54:35.878,1
653,2020-01-02,2330,335.0,1,09:54:40.896,1
654,2020-01-02,2330,335.0,3,09:54:45.914,1
655,2020-01-02,2330,335.0,1,09:54:50.934,1
656,2020-01-02,2330,335.0,3,09:54:55.954,1
657,2020-01-02,2330,335.0,2,09:55:00.971,1
658,2020-01-02,2330,335.0,3,09:55:05.991,1
659,2020-01-02,2330,335.0,1,09:55:11.011,1
660,2020-01-02,2330,335.0,2,09:55:16.031,1
661,2020-01-02,2330,335.0,4,09:55:21.050,1
662,2020-01-02,2330,335.0,2,09:55:26.068,1
663,2020-01-02,2330,335.0,3,09:55:31.087,1
664,2020-01-02,2330,335.0,3,09:55:36.105,1
665,2020-01-02,2330,334.5,3,09:55:41.125,1
666,2020-01-02,2330,335.0,2,09:55:46.144,1
667,2020-01-02,2330,335.0,1,09:55:51.164,1
668,2020-01-02,2330,335.0,4,09:55:56.184,1
669,2020-01-02,2330,335.0,2,09:56:01.205,1
670,2020-01-02,2330,335.0,5,09:56:06.224,1
671,2020-01-02,2330,335.0,3,09:56:11.243,1
672,2020-01-02,2330,335.0,2,09:56:16.263,1
673,2020-01-02,2330,334.5,6,09:56:21.283,1
674,2020-01-02,2330,335.0,2,09:56:26.304,1
675,2020-01-02,2330,335.0,1,09:56:31.322,1
676,2020-01-02,2330,335.0,3,09:56:36.340,1
677,2020-01-02,2330,334.5,6,09:56:41.358,1
678,2020-01-02,2330,335.0,1,09:56:46.376,1
679,2020-01-02,2330,335.0,4,09:56:51.397,1
680,2020-01-02,2330,335.0,1,09:56:56.416,1
681,2020-01-02,2330,335.0,2,09:57:01.436,1
682,2020-01-02,2330,335.0,1,09:57:06.456,1
683,2020-01-02,2330,335.0,2,09:57:11.471,1
684,2020-01-02,2330,335.0,2,09:57:16.645,1
685,2020-01-02,2330,334.5,13,09:57:21.830,1
686,2020-01-02,2330,334.5,5,09:57:27.023,1
687,2020-01-02,2330,335.0,2,09:57:32.222,1
688,2020-01-02,2330,335.0,1,09:57:37.226,1
689,2020-01-02,2330,335.0,4,09:57:42.233,1
690,2020-01-02,2330,335.0,1,09:57:47.241,1
691,2020-01-02,2330,335.0,7,09:57:52.251,1
692,2020-01-02,2330,335.0,2,09:57:57.263,1
693,2020-01-02,2330,335.0,2,09:58:02.274,1
694,2020-01-02,2330,335.0,5,09:58:07.287,1
695,2020-01-02,2330,334.5,8,09:58:12.299,1
696,2020-01-02,2330,335.0,2,09:58:17.313,1
697,2020-01-02,2330,334.5,5,09:58:22.325,1
698,2020-01-02,2330,335.0,2,09:58:27.340,1
699,2020-01-02,2330,334.5,10,09:58:32.354,1
700,2020-01-02,2330,335.0,1,09:58:37.368,1
701,2020-01-02,2330,334.5,3,09:58:42.383,1
702,2020-01-02,2330,335.0,1,09:58:47.394,1
703,2020-01-02,2330,335.0,2,09:58:52.408,1
704,2020-01-02,2330,335.0,3,09:58:57.421,1
705,2020-01-02,2330,335.0,2,09:59:02.434,1
706,2020-01-02,2330,334.5,6,09:59:07.449,1
707,2020-01-02,2330,335.0,2,09:59:12.463,1
708,2020-01-02,2330,334.5,10,09:59:17.477,1
709,2020-01-02,2330,335.0,6,09:59:22.492,1
710,2020-01-02,2330,335.0,2,09:59:27.507,1
711,2020-01-02,2330,335.0,2,09:59:32.520,1
712,2020-01-02,2330,335.0,3,09:59:37.534,1
713,2020-01-02,2330,334.5,4,09:59:42.549,1
714,2020-01-02,2330,334.5,5,09:59:47.563,1
715,2020-01-02,2330,334.5,3,09:59:52.575,1
716,2020-01-02,2330,335.0,1,09:59:57.591,1
717,2020-01-02,2330,335.0,3,10:00:02.606,1
718,2020-01-02,2330,334.5,8,10:00:07.620,1
719,2020-01-02,2330,334.5,5,10:00:12.635,1
720,2020-01-02,2330,334.5,5,10:00:17.650,1
721,2020-01-02,2330,335.0,2,10:00:22.665,1
722,2020-01-02,2330,335.0,2,10:00:27.679,1
723,2020-01-02,2330,334.5,6,10:00:32.692,1
724,2020-01-02,2330,335.0,4,10:00:37.703,1
725,2020-01-02,2330,335.0,1,10:00:42.716,1
726,2020-01-02,2330,335.0,2,10:00:47.731,1
727,2020-01-02,2330,335.0,3,10:00:52.745,1
728,2020-01-02,2330,334.5,5,10:00:57.759,1
729,2020-01-02,2330,334.5,5,10:01:02.774,1
730,2020-01-02,2330,334.5,10,10:01:07.788,1
731,2020-01-02,2330,335.0,1,10:01:12.803,1
732,2020-01-02,2330,335.0,2,10:01:17.818,1
733,2020-01-02,2330,334.5,7,10:01:22.833,1
734,2020-01-02,2330,335.0,2,10:01:27.849,1
735,2020-01-02,2330,335.0,2,10:01:32.863,1
736,2020-01-02,2330,335.0,1,10:01:37.877,1
737,2020-01-02,2330,334.5,5,10:01:42.891,1
738,2020-01-02,2330,335.0,3,10:01:47.905,1
739,2020-01-02,2330,335.0,3,10:01:52.918,1
740,2020-01-02,2330,334.5,10,10:01:57.932,1
741,2020-01-02,2330,335.0,2,10:02:02.947,1
742,2020-01-02,2330,335.0,4,10:02:07.962,1
743,2020-01-02,2330,335.0,1,10:02:12.998,1
744,2020-01-02,2330,335.0,4,10:02:18.052,1
745,2020-01-02,2330,334.5,3,10:02:23.097,1
746,2020-01-02,2330,334.5,6,10:02:28.135,1
747,2020-01-02,2330,334.5,6,10:02:33.166,1
748,2020-01-02,2330,335.0,3,10:02:38.195,1
749,2020-01-02,2330,334.5,5,10:02:43.222,1
750,2020-01-02,2330,335.0,4,10:02:53.268,1
751,2020-01-02,2330,335.0,3,10:02:58.290,1
752,2020-01-02,2330,334.5,3,10:03:03.311,1
753,2020-01-02,2330,334.5,6,10:03:08.333,1
754,2020-01-02,2330,334.5,7,10:03:13.352,1
755,2020-01-02,2330,334.5,2,10:03:18.373,1
756,2020-01-02,2330,335.0,3,10:03:23.392,1
757,2020-01-02,2330,335.0,1,10:03:28.411,1
758,2020-01-02,2330,334.5,4,10:03:33.430,1
759,2020-01-02,2330,334.5,6,10:03:38.449,1
760,2020-01-02,2330,334.5,1,10:03:43.468,1
761,2020-01-02,2330,335.0,5,10:03:48.484,1
762,2020-01-02,2330,334.5,3,10:03:53.504,1
763,2020-01-02,2330,334.5,2,10:03:58.524,1
764,2020-01-02,2330,335.0,5,10:04:03.544,1
765,2020-01-02,2330,334.5,11,10:04:08.564,1
766,2020-01-02,2330,335.0,1,10:04:13.585,1
767,2020-01-02,2330,334.5,3,10:04:18.603,1
768,2020-01-02,2330,335.0,13,10:04:23.623,1
769,2020-01-02,2330,334.5,6,10:04:28.642,1
770,2020-01-02,2330,335.0,2,10:04:33.661,1
771,2020-01-02,2330,335.0,1,10:04:38.680,1
772,2020-01-02,2330,334.5,5,10:04:43.699,1
773,2020-01-02,2330,335.0,203,10:04:48.719,1
774,2020-01-02,2330,334.5,39,10:04:53.738,1
775,2020-01-02,2330,334.5,6,10:04:58.758,1
776,2020-01-02,2330,335.0,1,10:05:03.778,1
777,2020-01-02,2330,335.0,1,10:05:08.799,1
778,2020-01-02,2330,335.0,11,10:05:13.819,1
779,2020-01-02,2330,335.0,1,10:05:18.839,1
780,2020-01-02,2330,334.5,4,10:05:23.858,1
781,2020-01-02,2330,335.0,2,10:05:28.876,1
782,2020-01-02,2330,335.0,2,10:05:33.895,1
783,2020-01-02,2330,335.0,2,10:05:38.915,1
784,2020-01-02,2330,335.0,5,10:05:43.932,1
785,2020-01-02,2330,335.0,102,10:05:48.952,1
786,2020-01-02,2330,335.0,146,10:05:53.972,1
787,2020-01-02,2330,335.0,67,10:05:58.992,1
788,2020-01-02,2330,335.0,50,10:06:04.010,1
789,2020-01-02,2330,335.0,29,10:06:09.030,1
790,2020-01-02,2330,335.0,62,10:06:14.049,1
791,2020-01-02,2330,335.5,5,10:06:19.069,1
792,2020-01-02,2330,335.0,2,10:06:24.088,1
793,2020-01-02,2330,335.5,3,10:06:29.107,1
794,2020-01-02,2330,335.5,6,10:06:34.126,1
795,2020-01-02,2330,335.5,2,10:06:39.145,1
796,2020-01-02,2330,335.5,2,10:06:44.165,1
797,2020-01-02,2330,335.5,1,10:06:49.185,1
798,2020-01-02,2330,335.5,2,10:06:54.206,1
799,2020-01-02,2330,335.5,4,10:06:59.226,1
800,2020-01-02,2330,335.5,3,10:07:04.246,1
801,2020-01-02,2330,335.0,3,10:07:09.266,1
802,2020-01-02,2330,335.0,3,10:07:14.452,1
803,2020-01-02,2330,335.5,3,10:07:19.633,1
804,2020-01-02,2330,335.5,1,10:07:24.823,1
805,2020-01-02,2330,335.5,1,10:07:30.021,1
806,2020-01-02,2330,335.5,3,10:07:35.022,1
807,2020-01-02,2330,335.5,1,10:07:40.027,1
808,2020-01-02,2330,335.0,5,10:07:45.033,1
809,2020-01-02,2330,335.5,2,10:07:50.043,1
810,2020-01-02,2330,335.5,4,10:07:55.053,1
811,2020-01-02,2330,335.5,3,10:08:00.065,1
812,2020-01-02,2330,335.5,3,10:08:05.079,1
813,2020-01-02,2330,335.5,2,10:08:10.092,1
814,2020-01-02,2330,335.5,3,10:08:15.106,1
815,2020-01-02,2330,335.5,2,10:08:20.119,1
816,2020-01-02,2330,335.0,3,10:08:25.132,1
817,2020-01-02,2330,335.5,4,10:08:30.146,1
818,2020-01-02,2330,335.5,3,10:08:35.159,1
819,2020-01-02,2330,335.5,1,10:08:40.174,1
820,2020-01-02,2330,335.5,1,10:08:45.189,1
821,2020-01-02,2330,335.5,4,10:08:50.203,1
822,2020-01-02,2330,335.5,3,10:08:55.218,1
823,2020-01-02,2330,335.5,4,10:09:00.231,1
824,2020-01-02,2330,335.5,3,10:09:05.245,1
825,2020-01-02,2330,335.5,1,10:09:10.259,1
826,2020-01-02,2330,335.0,2,10:09:15.273,1
827,2020-01-02,2330,335.5,3,10:09:20.288,1
828,2020-01-02,2330,335.5,4,10:09:25.302,1
829,2020-01-02,2330,335.5,21,10:09:30.316,1
830,2020-01-02,2330,335.0,3,10:09:35.330,1
831,2020-01-02,2330,335.5,1,10:09:40.344,1
832,2020-01-02,2330,335.5,1,10:09:45.357,1
833,2020-01-02,2330,335.5,7,10:09:50.372,1
834,2020-01-02,2330,335.5,1,10:09:55.387,1
835,2020-01-02,2330,335.5,4,10:10:00.401,1
836,2020-01-02,2330,335.5,1,10:10:05.416,1
837,2020-01-02,2330,335.0,5,10:10:10.431,1
838,2020-01-02,2330,335.5,2,10:10:15.446,1
839,2020-01-02,2330,335.5,2,10:10:20.460,1
840,2020-01-02,2330,335.5,2,10:10:25.475,1
841,2020-01-02,2330,335.5,8,10:10:30.490,1
842,2020-01-02,2330,335.5,2,10:10:35.503,1
843,2020-01-02,2330,335.5,4,10:10:40.517,1
844,2020-01-02,2330,335.0,4,10:10:45.529,1
845,2020-01-02,2330,335.5,1,10:10:50.544,1
846,2020-01-02,2330,335.5,2,10:10:55.559,1
847,2020-01-02,2330,335.5,1,10:11:00.574,1
848,2020-01-02,2330,335.5,3,10:11:05.589,1
849,2020-01-02,2330,335.0,4,10:11:10.603,1
850,2020-01-02,2330,335.5,2,10:11:15.619,1
851,2020-01-02,2330,335.5,3,10:11:20.634,1
852,2020-01-02,2330,335.0,5,10:11:25.647,1
853,2020-01-02,2330,335.0,2,10:11:30.661,1
854,2020-01-02,2330,335.5,1,10:11:35.675,1
855,2020-01-02,2330,335.5,5,10:11:40.689,1
856,2020-01-02,2330,335.5,1,10:11:45.704,1
857,2020-01-02,2330,335.5,2,10:11:50.719,1
858,2020-01-02,2330,335.5,2,10:11:55.734,1
859,2020-01-02,2330,335.5,6,10:12:00.749,1
860,2020-01-02,2330,335.5,4,10:12:05.764,1
861,2020-01-02,2330,335.5,1,10:12:10.780,1
862,2020-01-02,2330,335.5,2,10:12:15.839,1
863,2020-01-02,2330,335.5,6,10:12:20.888,1
864,2020-01-02,2330,335.5,1,10:12:25.929,1
865,2020-01-02,2330,335.5,4,10:12:30.964,1
866,2020-01-02,2330,335.5,1,10:12:35.996,1
867,2020-01-02,2330,335.0,5,10:12:41.022,1
868,2020-01-02,2330,335.5,4,10:12:46.047,1
869,2020-01-02,2330,335.5,1,10:12:51.072,1
870,2020-01-02,2330,335.0,2,10:12:56.095,1
871,2020-01-02,2330,335.0,5,10:13:01.117,1
872,2020-01-02,2330,335.0,1,10:13:06.139,1
873,2020-01-02,2330,335.5,4,10:13:11.160,1
874,2020-01-02,2330,335.0,3,10:13:16.180,1
875,2020-01-02,2330,335.0,3,10:13:21.198,1
876,2020-01-02,2330,335.5,1,10:13:26.216,1
877,2020-01-02,2330,335.5,2,10:13:31.236,1
878,2020-01-02,2330,335.0,5,10:13:36.253,1
879,2020-01-02,2330,335.5,1,10:13:41.271,1
880,2020-01-02,2330,335.5,2,10:13:46.289,1
881,2020-01-02,2330,335.0,4,10:13:51.307,1
882,2020-01-02,2330,335.5,2,10:13:56.326,1
883,2020-01-02,2330,335.5,6,10:14:01.346,1
884,2020-01-02,2330,335.5,2,10:14:06.366,1
885,2020-01-02,2330,335.0,10,10:14:11.387,1
886,2020-01-02,2330,335.5,1,10:14:16.406,1
887,2020-01-02,2330,335.5,3,10:14:21.426,1
888,2020-01-02,2330,335.0,5,10:14:26.444,1
889,2020-01-02,2330,335.5,4,10:14:31.461,1
890,2020-01-02,2330,335.5,1,10:14:36.481,1
891,2020-01-02,2330,335.0,5,10:14:41.499,1
892,2020-01-02,2330,335.0,1,10:14:46.518,1
893,2020-01-02,2330,335.5,3,10:14:51.537,1
894,2020-01-02,2330,335.5,2,10:14:56.556,1
895,2020-01-02,2330,335.0,4,10:15:01.577,1
896,2020-01-02,2330,335.5,2,10:15:06.597,1
897,2020-01-02,2330,335.0,6,10:15:11.616,1
898,2020-01-02,2330,335.0,7,10:15:16.636,1
899,2020-01-02,2330,335.0,4,10:15:21.655,1
900,2020-01-02,2330,335.5,2,10:15:26.675,1
901,2020-01-02,2330,335.5,1,10:15:31.694,1
902,2020-01-02,2330,335.5,2,10:15:36.713,1
903,2020-01-02,2330,335.0,4,10:15:41.733,1
904,2020-01-02,2330,335.0,7,10:15:46.751,1
905,2020-01-02,2330,335.5,2,10:15:51.771,1
906,2020-01-02,2330,335.5,3,10:15:56.790,1
907,2020-01-02,2330,335.5,4,10:16:01.810,1
908,2020-01-02,2330,335.5,4,10:16:06.830,1
909,2020-01-02,2330,335.0,6,10:16:11.850,1
910,2020-01-02,2330,335.0,12,10:16:16.870,1
911,2020-01-02,2330,335.0,6,10:16:21.889,1
912,2020-01-02,2330,335.5,1,10:16:26.909,1
913,2020-01-02,2330,335.5,2,10:16:31.928,1
914,2020-01-02,2330,335.5,2,10:16:36.945,1
915,2020-01-02,2330,335.5,1,10:16:46.984,1
916,2020-01-02,2330,335.5,4,10:16:52.005,1
917,2020-01-02,2330,335.5,1,10:16:57.025,1
918,2020-01-02,2330,335.0,5,10:17:02.045,1
919,2020-01-02,2330,335.5,1,10:17:07.064,1
920,2020-01-02,2330,335.0,6,10:17:12.073,1
921,2020-01-02,2330,335.5,1,10:17:17.247,1
922,2020-01-02,2330,335.5,3,10:17:22.431,1
923,2020-01-02,2330,335.0,10,10:17:27.626,1
924,2020-01-02,2330,335.0,2,10:17:32.627,1
925,2020-01-02,2330,335.5,3,10:17:37.631,1
926,2020-01-02,2330,335.5,2,10:17:42.638,1
927,2020-01-02,2330,335.5,1,10:17:47.645,1
928,2020-01-02,2330,335.5,1,10:17:52.657,1
929,2020-01-02,2330,335.5,4,10:17:57.668,1
930,2020-01-02,2330,335.5,1,10:18:02.680,1
931,2020-01-02,2330,335.0,10,10:18:07.694,1
932,2020-01-02,2330,335.0,7,10:18:12.706,1
933,2020-01-02,2330,335.5,2,10:18:17.719,1
934,2020-01-02,2330,335.5,1,10:18:22.732,1
935,2020-01-02,2330,335.5,2,10:18:27.747,1
936,2020-01-02,2330,335.5,1,10:18:32.762,1
937,2020-01-02,2330,335.0,7,10:18:37.774,1
938,2020-01-02,2330,335.5,4,10:18:42.787,1
939,2020-01-02,2330,335.5,2,10:18:47.799,1
940,2020-01-02,2330,335.5,1,10:18:52.815,1
941,2020-01-02,2330,335.5,3,10:18:57.827,1
942,2020-01-02,2330,335.5,3,10:19:02.842,1
943,2020-01-02,2330,335.0,7,10:19:07.857,1
944,2020-01-02,2330,335.0,11,10:19:12.872,1
945,2020-01-02,2330,335.0,4,10:19:17.887,1
946,2020-01-02,2330,335.5,4,10:19:22.900,1
947,2020-01-02,2330,335.5,3,10:19:27.912,1
948,2020-01-02,2330,335.0,3,10:19:32.925,1
949,2020-01-02,2330,335.5,1,10:19:37.940,1
950,2020-01-02,2330,335.5,301,10:19:42.955,1
951,2020-01-02,2330,335.5,204,10:19:47.968,1
952,2020-01-02,2330,335.5,98,10:19:52.982,1
953,2020-01-02,2330,336.0,3,10:19:57.996,1
954,2020-01-02,2330,336.0,3,10:20:03.012,1
955,2020-01-02,2330,336.0,2,10:20:08.026,1
956,2020-01-02,2330,336.0,1,10:20:13.041,1
957,2020-01-02,2330,336.0,3,10:20:18.056,1
958,2020-01-02,2330,336.0,11,10:20:23.071,1
959,2020-01-02,2330,336.0,1,10:20:28.086,1
960,2020-01-02,2330,336.0,5,10:20:33.099,1
961,2020-01-02,2330,336.0,2,10:20:38.113,1
962,2020-01-02,2330,336.0,13,10:20:43.127,1
963,2020-01-02,2330,335.5,4,10:20:48.140,1
964,2020-01-02,2330,336.0,3,10:20:53.155,1
965,2020-01-02,2330,336.0,3,10:20:58.171,1
966,2020-01-02,2330,336.0,2,10:21:03.186,1
967,2020-01-02,2330,336.0,4,10:21:08.199,1
968,2020-01-02,2330,336.0,1,10:21:13.213,1
969,2020-01-02,2330,336.0,4,10:21:18.225,1
970,2020-01-02,2330,336.0,6,10:21:23.239,1
971,2020-01-02,2330,336.0,2,10:21:28.254,1
972,2020-01-02,2330,336.0,4,10:21:33.268,1
973,2020-01-02,2330,336.0,3,10:21:38.280,1
974,2020-01-02,2330,335.5,3,10:21:43.293,1
975,2020-01-02,2330,335.5,4,10:21:48.307,1
976,2020-01-02,2330,336.0,24,10:21:53.322,1
977,2020-01-02,2330,336.0,3,10:21:58.337,1
978,2020-01-02,2330,336.0,3,10:22:03.351,1
979,2020-01-02,2330,336.0,6,10:22:08.365,1
980,2020-01-02,2330,336.0,4,10:22:13.404,1
981,2020-01-02,2330,336.0,14,10:22:18.460,1
982,2020-01-02,2330,336.0,9,10:22:23.506,1
983,2020-01-02,2330,336.0,2,10:22:28.544,1
984,2020-01-02,2330,336.0,4,10:22:33.576,1
985,2020-01-02,2330,336.0,3,10:22:38.605,1
986,2020-01-02,2330,336.0,8,10:22:43.632,1
987,2020-01-02,2330,336.0,4,10:22:48.656,1
988,2020-01-02,2330,335.5,3,10:22:53.680,1
989,2020-01-02,2330,336.0,6,10:22:58.701,1
990,2020-01-02,2330,336.0,3,10:23:03.724,1
991,2020-01-02,2330,335.5,9,10:23:08.744,1
992,2020-01-02,2330,336.0,2,10:23:13.764,1
993,2020-01-02,2330,336.0,7,10:23:18.784,1
994,2020-01-02,2330,336.0,2,10:23:23.805,1
995,2020-01-02,2330,336.0,1,10:23:28.823,1
996,2020-01-02,2330,335.5,3,10:23:33.842,1
997,2020-01-02,2330,336.0,7,10:23:38.861,1
998,2020-01-02,2330,335.5,7,10:23:43.881,1
999,2020-01-02,2330,336.0,2,10:23:48.900,1
1000,2020-01-02,2330,336.0,9,10:23:53.920,1
1001,2020-01-02,2330,335.5,11,10:23:58.938,1
1002,2020-01-02,2330,336.0,2,10:24:03.958,1
1003,2020-01-02,2330,335.5,4,10:24:08.978,1
1004,2020-01-02,2330,336.0,6,10:24:13.998,1
1005,2020-01-02,2330,335.5,5,10:24:19.018,1
1006,2020-01-02,2330,336.0,4,10:24:24.035,1
1007,2020-01-02,2330,336.0,9,10:24:29.056,1
1008,2020-01-02,2330,336.0,1,10:24:34.076,1
1009,2020-01-02,2330,335.5,2,10:24:39.094,1
1010,2020-01-02,2330,335.5,7,10:24:44.110,1
1011,2020-01-02,2330,336.0,6,10:24:49.130,1
1012,2020-01-02,2330,335.5,5,10:24:54.150,1
1013,2020-01-02,2330,336.0,3,10:24:59.171,1
1014,2020-01-02,2330,336.0,6,10:25:04.190,1
1015,2020-01-02,2330,336.0,2,10:25:09.210,1
1016,2020-01-02,2330,336.0,2,10:25:14.229,1
1017,2020-01-02,2330,336.0,1,10:25:19.248,1
1018,2020-01-02,2330,336.0,6,10:25:24.268,1
1019,2020-01-02,2330,335.5,5,10:25:29.288,1
1020,2020-01-02,2330,335.5,10,10:25:34.308,1
1021,2020-01-02,2330,336.0,2,10:25:39.327,1
1022,2020-01-02,2330,336.0,9,10:25:44.346,1
1023,2020-01-02,2330,336.0,4,10:25:49.363,1
1024,2020-01-02,2330,336.0,1,10:25:54.382,1
1025,2020-01-02,2330,336.0,7,10:25:59.402,1
1026,2020-01-02,2330,335.5,7,10:26:04.422,1
1027,2020-01-02,2330,335.5,13,10:26:09.442,1
1028,2020-01-02,2330,336.0,2,10:26:14.462,1
1029,2020-01-02,2330,336.0,6,10:26:19.480,1
1030,2020-01-02,2330,336.0,4,10:26:24.500,1
1031,2020-01-02,2330,336.0,2,10:26:29.520,1
1032,2020-01-02,2330,336.0,6,10:26:34.539,1
1033,2020-01-02,2330,336.0,2,10:26:39.558,1
1034,2020-01-02,2330,335.5,10,10:26:44.577,1
1035,2020-01-02,2330,336.0,1,10:26:49.597,1
1036,2020-01-02,2330,336.0,6,10:26:54.615,1
1037,2020-01-02,2330,336.0,5,10:26:59.635,1
1038,2020-01-02,2330,336.0,2,10:27:04.655,1
1039,2020-01-02,2330,336.0,7,10:27:09.675,1
1040,2020-01-02,2330,336.0,1,10:27:14.858,1
1041,2020-01-02,2330,335.5,9,10:27:20.039,1
1042,2020-01-02,2330,335.5,4,10:27:25.231,1
1043,2020-01-02,2330,336.0,6,10:27:30.426,1
1044,2020-01-02,2330,336.0,3,10:27:35.429,1
1045,2020-01-02,2330,336.0,3,10:27:40.435,1
1046,2020-01-02,2330,336.0,3,10:27:45.442,1
1047,2020-01-02,2330,336.0,9,10:27:50.452,1
1048,2020-01-02,2330,336.0,193,10:27:55.464,1
1049,2020-01-02,2330,335.5,4,10:28:00.477,1
1050,2020-01-02,2330,336.0,9,10:28:05.491,1
1051,2020-01-02,2330,336.0,7,10:28:10.505,1
1052,2020-01-02,2330,336.0,24,10:28:15.518,1
1053,2020-01-02,2330,336.0,3,10:28:20.531,1
1054,2020-01-02,2330,336.0,9,10:28:25.544,1
1055,2020-01-02,2330,335.5,6,10:28:30.558,1
1056,2020-01-02,2330,335.5,3,10:28:35.573,1
1057,2020-01-02,2330,336.0,7,10:28:40.586,1
1058,2020-01-02,2330,336.0,4,10:28:45.600,1
1059,2020-01-02,2330,336.0,13,10:28:50.615,1
1060,2020-01-02,2330,336.0,2,10:28:55.630,1
1061,2020-01-02,2330,336.0,6,10:29:00.644,1
1062,2020-01-02,2330,335.5,5,10:29:05.659,1
1063,2020-01-02,2330,335.5,4,10:29:10.674,1
1064,2020-01-02,2330,336.0,6,10:29:15.689,1
1065,2020-01-02,2330,336.0,2,10:29:20.703,1
1066,2020-01-02,2330,336.0,4,10:29:25.718,1
1067,2020-01-02,2330,336.0,2,10:29:30.732,1
1068,2020-01-02,2330,336.0,10,10:29:35.745,1
1069,2020-01-02,2330,335.5,5,10:29:40.759,1
1070,2020-01-02,2330,335.5,3,10:29:45.773,1
1071,2020-01-02,2330,336.0,3,10:29:50.788,1
1072,2020-01-02,2330,336.0,8,10:29:55.802,1
1073,2020-01-02,2330,335.5,3,10:30:00.816,1
1074,2020-01-02,2330,335.5,2,10:30:05.830,1
1075,2020-01-02,2330,336.0,7,10:30:10.845,1
1076,2020-01-02,2330,336.0,4,10:30:15.859,1
1077,2020-01-02,2330,335.5,7,10:30:20.874,1
1078,2020-01-02,2330,336.0,13,10:30:25.889,1
1079,2020-01-02,2330,336.0,17,10:30:30.903,1
1080,2020-01-02,2330,336.0,11,10:30:35.918,1
1081,2020-01-02,2330,336.0,4,10:30:40.932,1
1082,2020-01-02,2330,336.0,3,10:30:45.947,1
1083,2020-01-02,2330,336.0,11,10:30:50.962,1
1084,2020-01-02,2330,335.5,5,10:30:55.976,1
1085,2020-01-02,2330,336.0,4,10:31:00.990,1
1086,2020-01-02,2330,336.0,107,10:31:06.003,1
1087,2020-01-02,2330,336.0,2,10:31:11.016,1
1088,2020-01-02,2330,336.0,16,10:31:16.029,1
1089,2020-01-02,2330,336.0,3,10:31:21.044,1
1090,2020-01-02,2330,336.0,22,10:31:26.057,1
1091,2020-01-02,2330,336.0,15,10:31:31.070,1
1092,2020-01-02,2330,336.0,21,10:31:36.084,1
1093,2020-01-02,2330,336.0,15,10:31:41.097,1
1094,2020-01-02,2330,336.0,18,10:31:46.112,1
1095,2020-01-02,2330,336.0,6,10:31:51.126,1
1096,2020-01-02,2330,336.0,20,10:31:56.139,1
1097,2020-01-02,2330,336.0,8,10:32:01.153,1
1098,2020-01-02,2330,336.0,12,10:32:06.167,1
1099,2020-01-02,2330,336.0,2,10:32:11.183,1
1100,2020-01-02,2330,336.0,8,10:32:16.244,1
1101,2020-01-02,2330,336.0,3,10:32:21.293,1
1102,2020-01-02,2330,336.0,3,10:32:26.332,1
1103,2020-01-02,2330,336.0,12,10:32:31.366,1
1104,2020-01-02,2330,336.0,9,10:32:36.397,1
1105,2020-01-02,2330,336.0,2,10:32:41.424,1
1106,2020-01-02,2330,336.0,7,10:32:46.449,1
1107,2020-01-02,2330,336.0,159,10:32:51.471,1
1108,2020-01-02,2330,336.0,53,10:32:56.492,1
1109,2020-01-02,2330,336.0,4,10:33:01.515,1
1110,2020-01-02,2330,336.5,8,10:33:11.556,1
1111,2020-01-02,2330,336.5,3,10:33:16.577,1
1112,2020-01-02,2330,336.5,1,10:33:21.596,1
1113,2020-01-02,2330,336.5,1,10:33:26.615,1
1114,2020-01-02,2330,336.5,7,10:33:31.634,1
1115,2020-01-02,2330,336.5,2,10:33:36.654,1
1116,2020-01-02,2330,336.5,11,10:33:41.672,1
1117,2020-01-02,2330,336.5,9,10:33:46.691,1
1118,2020-01-02,2330,336.5,2,10:33:51.711,1
1119,2020-01-02,2330,336.5,12,10:33:56.731,1
1120,2020-01-02,2330,336.0,6,10:34:01.749,1
1121,2020-01-02,2330,336.5,11,10:34:06.770,1
1122,2020-01-02,2330,336.5,1,10:34:11.790,1
1123,2020-01-02,2330,336.5,5,10:34:16.810,1
1124,2020-01-02,2330,336.5,6,10:34:21.828,1
1125,2020-01-02,2330,336.5,1,10:34:26.847,1
1126,2020-01-02,2330,336.5,3,10:34:31.866,1
1127,2020-01-02,2330,336.0,5,10:34:36.886,1
1128,2020-01-02,2330,336.5,8,10:34:41.905,1
1129,2020-01-02,2330,336.5,1,10:34:46.925,1
1130,2020-01-02,2330,336.5,2,10:34:51.946,1
1131,2020-01-02,2330,336.5,3,10:34:56.965,1
1132,2020-01-02,2330,336.5,11,10:35:01.984,1
1133,2020-01-02,2330,336.0,2,10:35:07.003,1
1134,2020-01-02,2330,336.0,6,10:35:12.022,1
1135,2020-01-02,2330,336.5,7,10:35:17.040,1
1136,2020-01-02,2330,336.5,4,10:35:22.059,1
1137,2020-01-02,2330,336.5,4,10:35:27.079,1
1138,2020-01-02,2330,336.5,1,10:35:32.099,1
1139,2020-01-02,2330,336.5,17,10:35:37.118,1
1140,2020-01-02,2330,336.0,20,10:35:42.136,1
1141,2020-01-02,2330,336.5,8,10:35:47.155,1
1142,2020-01-02,2330,336.5,3,10:35:52.174,1
1143,2020-01-02,2330,336.5,160,10:35:57.194,1
1144,2020-01-02,2330,336.5,40,10:36:02.214,1
1145,2020-01-02,2330,337.0,12,10:36:07.233,1
1146,2020-01-02,2330,337.0,6,10:36:12.252,1
1147,2020-01-02,2330,337.0,2,10:36:17.273,1
1148,2020-01-02,2330,337.0,4,10:36:22.292,1
1149,2020-01-02,2330,336.5,4,10:36:27.310,1
1150,2020-01-02,2330,337.0,6,10:36:32.330,1
1151,2020-01-02,2330,336.5,8,10:36:37.350,1
1152,2020-01-02,2330,337.0,2,10:36:42.370,1
1153,2020-01-02,2330,337.0,6,10:36:47.390,1
1154,2020-01-02,2330,336.5,3,10:36:52.408,1
1155,2020-01-02,2330,337.0,3,10:36:57.428,1
1156,2020-01-02,2330,337.0,6,10:37:02.448,1
1157,2020-01-02,2330,337.0,10,10:37:07.468,1
1158,2020-01-02,2330,337.0,3,10:37:12.472,1
1159,2020-01-02,2330,337.0,2,10:37:17.648,1
1160,2020-01-02,2330,337.0,7,10:37:22.834,1
1161,2020-01-02,2330,337.0,3,10:37:28.029,1
1162,2020-01-02,2330,337.0,2,10:37:33.030,1
1163,2020-01-02,2330,336.5,4,10:37:38.032,1
1164,2020-01-02,2330,337.0,14,10:37:43.040,1
1165,2020-01-02,2330,337.0,3,10:37:48.050,1
1166,2020-01-02,2330,337.0,15,10:37:53.061,1
1167,2020-01-02,2330,337.0,29,10:37:58.073,1
1168,2020-01-02,2330,337.0,7,10:38:03.086,1
1169,2020-01-02,2330,337.0,2,10:38:08.100,1
1170,2020-01-02,2330,337.0,4,10:38:13.113,1
1171,2020-01-02,2330,337.0,9,10:38:18.125,1
1172,2020-01-02,2330,337.0,2,10:38:23.138,1
1173,2020-01-02,2330,337.0,4,10:38:28.153,1
1174,2020-01-02,2330,337.0,1,10:38:33.166,1
1175,2020-01-02,2330,337.0,11,10:38:38.181,1
1176,2020-01-02,2330,337.0,8,10:38:43.194,1
1177,2020-01-02,2330,337.0,8,10:38:48.210,1
1178,2020-01-02,2330,337.0,10,10:38:53.225,1
1179,2020-01-02,2330,337.0,13,10:38:58.239,1
1180,2020-01-02,2330,337.0,4,10:39:03.253,1
1181,2020-01-02,2330,337.0,58,10:39:08.267,1
1182,2020-01-02,2330,337.0,26,10:39:13.282,1
1183,2020-01-02,2330,337.0,4,10:39:18.296,1
1184,2020-01-02,2330,337.0,38,10:39:23.309,1
1185,2020-01-02,2330,337.0,35,10:39:28.322,1
1186,2020-01-02,2330,337.0,49,10:39:33.335,1
1187,2020-01-02,2330,337.0,77,10:39:38.348,1
1188,2020-01-02,2330,337.0,84,10:39:43.358,1
1189,2020-01-02,2330,337.5,9,10:39:48.373,1
1190,2020-01-02,2330,337.5,2,10:39:53.387,1
1191,2020-01-02,2330,337.5,1,10:39:58.401,1
1192,2020-01-02,2330,337.5,9,10:40:03.417,1
1193,2020-01-02,2330,337.5,10,10:40:08.431,1
1194,2020-01-02,2330,337.5,2,10:40:13.445,1
1195,2020-01-02,2330,337.5,3,10:40:18.459,1
1196,2020-01-02,2330,337.5,6,10:40:23.472,1
1197,2020-01-02,2330,337.5,3,10:40:28.485,1
1198,2020-01-02,2330,337.5,8,10:40:33.498,1
1199,2020-01-02,2330,337.0,2,10:40:38.511,1
1200,2020-01-02,2330,337.5,9,10:40:43.525,1
1201,2020-01-02,2330,337.0,6,10:40:48.539,1
1202,2020-01-02,2330,337.5,2,10:40:53.554,1
1203,2020-01-02,2330,337.5,9,10:40:58.569,1
1204,2020-01-02,2330,337.5,2,10:41:03.585,1
1205,2020-01-02,2330,337.5,11,10:41:08.600,1
1206,2020-01-02,2330,337.0,2,10:41:13.615,1
1207,2020-01-02,2330,337.5,16,10:41:18.629,1
1208,2020-01-02,2330,337.5,11,10:41:23.642,1
1209,2020-01-02,2330,337.5,4,10:41:28.656,1
1210,2020-01-02,2330,337.5,7,10:41:33.671,1
1211,2020-01-02,2330,337.5,2,10:41:38.684,1
1212,2020-01-02,2330,337.5,5,10:41:43.697,1
1213,2020-01-02,2330,337.5,2,10:41:48.712,1
1214,2020-01-02,2330,337.5,6,10:41:53.726,1
1215,2020-01-02,2330,337.0,5,10:41:58.740,1
1216,2020-01-02,2330,337.0,1,10:42:03.756,1
1217,2020-01-02,2330,337.0,1,10:42:08.771,1
1218,2020-01-02,2330,337.5,7,10:42:13.814,1
1219,2020-01-02,2330,337.0,2,10:42:18.869,1
1220,2020-01-02,2330,337.0,3,10:42:23.912,1
1221,2020-01-02,2330,337.0,15,10:42:28.950,1
1222,2020-01-02,2330,337.0,26,10:42:33.982,1
1223,2020-01-02,2330,337.0,4,10:42:39.009,1
1224,2020-01-02,2330,337.5,3,10:42:44.036,1
1225,2020-01-02,2330,337.5,7,10:42:49.060,1
1226,2020-01-02,2330,337.0,8,10:42:54.084,1
1227,2020-01-02,2330,337.5,2,10:42:59.106,1
1228,2020-01-02,2330,337.5,6,10:43:04.127,1
1229,2020-01-02,2330,337.0,6,10:43:09.148,1
1230,2020-01-02,2330,337.5,2,10:43:14.169,1
1231,2020-01-02,2330,337.5,2,10:43:19.188,1
1232,2020-01-02,2330,337.5,10,10:43:24.208,1
1233,2020-01-02,2330,337.5,1,10:43:29.229,1
1234,2020-01-02,2330,337.0,2,10:43:34.248,1
1235,2020-01-02,2330,337.0,11,10:43:39.267,1
1236,2020-01-02,2330,337.0,6,10:43:44.286,1
1237,2020-01-02,2330,337.5,4,10:43:49.304,1
1238,2020-01-02,2330,337.0,4,10:43:54.324,1
1239,2020-01-02,2330,337.0,8,10:43:59.345,1
1240,2020-01-02,2330,337.0,20,10:44:04.364,1
1241,2020-01-02,2330,337.0,10,10:44:09.384,1
1242,2020-01-02,2330,337.0,14,10:44:14.403,1
1243,2020-01-02,2330,337.0,7,10:44:19.424,1
1244,2020-01-02,2330,337.0,9,10:44:24.442,1
1245,2020-01-02,2330,337.0,28,10:44:29.462,1
1246,2020-01-02,2330,337.0,27,10:44:34.481,1
1247,2020-01-02,2330,337.0,16,10:44:39.499,1
1248,2020-01-02,2330,337.0,33,10:44:44.518,1
1249,2020-01-02,2330,337.0,32,10:44:49.538,1
1250,2020-01-02,2330,337.0,7,10:44:54.557,1
1251,2020-01-02,2330,337.0,3,10:44:59.577,1
1252,2020-01-02,2330,337.0,2,10:45:04.596,1
1253,2020-01-02,2330,337.0,2,10:45:09.616,1
1254,2020-01-02,2330,337.0,7,10:45:14.636,1
1255,2020-01-02,2330,337.0,1,10:45:19.655,1
1256,2020-01-02,2330,337.0,3,10:45:24.674,1
1257,2020-01-02,2330,337.0,9,10:45:29.693,1
1258,2020-01-02,2330,337.0,3,10:45:34.712,1
1259,2020-01-02,2330,337.0,4,10:45:39.733,1
1260,2020-01-02,2330,337.0,2,10:45:44.753,1
1261,2020-01-02,2330,337.0,8,10:45:49.773,1
1262,2020-01-02,2330,337.0,2,10:45:54.793,1
1263,2020-01-02,2330,337.0,3,10:45:59.812,1
1264,2020-01-02,2330,337.0,39,10:46:04.832,1
1265,2020-01-02,2330,336.5,5,10:46:09.852,1
1266,2020-01-02,2330,337.0,4,10:46:14.871,1
1267,2020-01-02,2330,337.0,2,10:46:19.890,1
1268,2020-01-02,2330,337.0,7,10:46:24.909,1
1269,2020-01-02,2330,337.0,1,10:46:29.927,1
1270,2020-01-02,2330,336.5,2,10:46:34.948,1
1271,2020-01-02,2330,337.0,13,10:46:39.966,1
1272,2020-01-02,2330,336.5,6,10:46:44.985,1
1273,2020-01-02,2330,337.0,10,10:46:50.005,1
1274,2020-01-02,2330,336.5,2,10:46:55.025,1
1275,2020-01-02,2330,337.0,8,10:47:00.046,1
1276,2020-01-02,2330,337.0,4,10:47:05.065,1
1277,2020-01-02,2330,337.0,1,10:47:10.085,1
1278,2020-01-02,2330,336.5,2,10:47:15.265,1
1279,2020-01-02,2330,337.0,7,10:47:20.447,1
1280,2020-01-02,2330,336.5,3,10:47:25.636,1
1281,2020-01-02,2330,336.5,1,10:47:30.834,1
1282,2020-01-02,2330,337.0,10,10:47:35.836,1
1283,2020-01-02,2330,336.5,4,10:47:40.841,1
1284,2020-01-02,2330,336.5,31,10:47:45.849,1
1285,2020-01-02,2330,337.0,7,10:47:50.859,1
1286,2020-01-02,2330,337.0,6,10:47:55.871,1
1287,2020-01-02,2330,337.0,1,10:48:00.883,1
1288,2020-01-02,2330,337.0,3,10:48:05.895,1
1289,2020-01-02,2330,337.0,6,10:48:10.908,1
1290,2020-01-02,2330,336.5,2,10:48:15.923,1
1291,2020-01-02,2330,337.0,4,10:48:20.935,1
1292,2020-01-02,2330,337.0,2,10:48:25.948,1
1293,2020-01-02,2330,337.0,8,10:48:30.962,1
1294,2020-01-02,2330,337.0,2,10:48:35.976,1
1295,2020-01-02,2330,337.0,12,10:48:40.991,1
1296,2020-01-02,2330,337.0,1,10:48:46.005,1
1297,2020-01-02,2330,337.0,19,10:48:51.020,1
1298,2020-01-02,2330,337.0,2,10:48:56.035,1
1299,2020-01-02,2330,336.5,6,10:49:01.049,1
1300,2020-01-02,2330,337.0,7,10:49:06.064,1
1301,2020-01-02,2330,336.5,5,10:49:11.079,1
1302,2020-01-02,2330,337.0,3,10:49:16.094,1
1303,2020-01-02,2330,337.0,3,10:49:21.108,1
1304,2020-01-02,2330,337.0,9,10:49:26.121,1
1305,2020-01-02,2330,337.0,3,10:49:31.135,1
1306,2020-01-02,2330,336.5,5,10:49:36.148,1
1307,2020-01-02,2330,337.0,7,10:49:41.162,1
1308,2020-01-02,2330,336.5,3,10:49:46.178,1
1309,2020-01-02,2330,337.0,2,10:49:51.191,1
1310,2020-01-02,2330,337.0,3,10:49:56.206,1
1311,2020-01-02,2330,337.0,6,10:50:01.220,1
1312,2020-01-02,2330,337.0,2,10:50:06.235,1
1313,2020-01-02,2330,337.0,2,10:50:11.250,1
1314,2020-01-02,2330,337.0,8,10:50:16.266,1
1315,2020-01-02,2330,336.5,7,10:50:21.279,1
1316,2020-01-02,2330,337.0,5,10:50:26.293,1
1317,2020-01-02,2330,337.0,2,10:50:31.308,1
1318,2020-01-02,2330,337.0,6,10:50:36.321,1
1319,2020-01-02,2330,337.0,3,10:50:41.334,1
1320,2020-01-02,2330,337.0,1,10:50:46.349,1
1321,2020-01-02,2330,337.0,1,10:50:51.363,1
1322,2020-01-02,2330,337.0,9,10:50:56.375,1
1323,2020-01-02,2330,337.0,1,10:51:01.390,1
1324,2020-01-02,2330,337.0,1,10:51:06.405,1
1325,2020-01-02,2330,337.0,8,10:51:11.420,1
1326,2020-01-02,2330,336.5,5,10:51:16.434,1
1327,2020-01-02,2330,337.0,2,10:51:21.448,1
1328,2020-01-02,2330,337.0,1,10:51:26.462,1
1329,2020-01-02,2330,337.0,6,10:51:31.476,1
1330,2020-01-02,2330,337.0,5,10:51:36.491,1
1331,2020-01-02,2330,337.0,12,10:51:41.503,1
1332,2020-01-02,2330,337.0,7,10:51:46.516,1
1333,2020-01-02,2330,337.0,101,10:51:51.531,1
1334,2020-01-02,2330,337.0,6,10:51:56.546,1
1335,2020-01-02,2330,337.0,18,10:52:01.560,1
1336,2020-01-02,2330,337.0,10,10:52:06.574,1
1337,2020-01-02,2330,337.0,7,10:52:11.596,1
1338,2020-01-02,2330,337.0,4,10:52:16.653,1
1339,2020-01-02,2330,337.5,2,10:52:21.701,1
1340,2020-01-02,2330,337.5,7,10:52:26.739,1
1341,2020-01-02,2330,337.5,3,10:52:31.771,1
1342,2020-01-02,2330,337.5,4,10:52:36.801,1
1343,2020-01-02,2330,337.5,8,10:52:41.828,1
1344,2020-01-02,2330,337.5,2,10:52:46.852,1
1345,2020-01-02,2330,337.5,2,10:52:51.875,1
1346,2020-01-02,2330,337.5,1,10:52:56.897,1
1347,2020-01-02,2330,337.5,7,10:53:01.919,1
1348,2020-01-02,2330,337.5,1,10:53:06.941,1
1349,2020-01-02,2330,337.0,3,10:53:11.960,1
1350,2020-01-02,2330,337.5,7,10:53:16.981,1
1351,2020-01-02,2330,337.0,4,10:53:22.001,1
1352,2020-01-02,2330,337.5,3,10:53:27.020,1
1353,2020-01-02,2330,337.5,4,10:53:32.040,1
1354,2020-01-02,2330,337.5,8,10:53:37.061,1
1355,2020-01-02,2330,337.5,1,10:53:42.080,1
1356,2020-01-02,2330,337.5,4,10:53:47.100,1
1357,2020-01-02,2330,337.5,7,10:53:52.120,1
1358,2020-01-02,2330,337.5,2,10:53:57.140,1
1359,2020-01-02,2330,337.5,2,10:54:02.159,1
1360,2020-01-02,2330,337.5,12,10:54:07.179,1
1361,2020-01-02,2330,337.5,6,10:54:12.199,1
1362,2020-01-02,2330,337.5,52,10:54:17.220,1
1363,2020-01-02,2330,337.5,2,10:54:22.239,1
1364,2020-01-02,2330,337.0,11,10:54:27.259,1
1365,2020-01-02,2330,337.5,6,10:54:32.277,1
1366,2020-01-02,2330,337.5,3,10:54:37.297,1
1367,2020-01-02,2330,337.5,1,10:54:42.315,1
1368,2020-01-02,2330,337.5,6,10:54:47.334,1
1369,2020-01-02,2330,337.5,2,10:54:52.354,1
1370,2020-01-02,2330,337.5,2,10:54:57.374,1
1371,2020-01-02,2330,337.5,4,10:55:02.394,1
1372,2020-01-02,2330,337.5,8,10:55:07.414,1
1373,2020-01-02,2330,337.5,1,10:55:12.434,1
1374,2020-01-02,2330,337.5,4,10:55:17.453,1
1375,2020-01-02,2330,337.5,7,10:55:22.472,1
1376,2020-01-02,2330,337.5,2,10:55:27.490,1
1377,2020-01-02,2330,337.5,4,10:55:32.509,1
1378,2020-01-02,2330,337.5,2,10:55:37.529,1
1379,2020-01-02,2330,337.5,16,10:55:42.549,1
1380,2020-01-02,2330,337.5,3,10:55:47.569,1
1381,2020-01-02,2330,337.5,2,10:55:52.589,1
1382,2020-01-02,2330,337.5,2,10:55:57.608,1
1383,2020-01-02,2330,337.5,9,10:56:02.628,1
1384,2020-01-02,2330,337.5,3,10:56:07.648,1
1385,2020-01-02,2330,337.5,4,10:56:12.667,1
1386,2020-01-02,2330,337.5,7,10:56:17.687,1
1387,2020-01-02,2330,337.0,4,10:56:22.707,1
1388,2020-01-02,2330,337.0,3,10:56:27.727,1
1389,2020-01-02,2330,337.0,2,10:56:32.747,1
1390,2020-01-02,2330,337.5,7,10:56:37.767,1
1391,2020-01-02,2330,337.5,2,10:56:42.787,1
1392,2020-01-02,2330,337.5,6,10:56:47.806,1
1393,2020-01-02,2330,337.5,6,10:56:52.827,1
1394,2020-01-02,2330,337.5,3,10:56:57.846,1
1395,2020-01-02,2330,337.5,3,10:57:02.866,1
1396,2020-01-02,2330,337.0,4,10:57:07.886,1
1397,2020-01-02,2330,337.5,7,10:57:12.887,1
1398,2020-01-02,2330,337.5,1,10:57:18.064,1
1399,2020-01-02,2330,337.5,1,10:57:23.253,1
1400,2020-01-02,2330,337.5,7,10:57:28.447,1
1401,2020-01-02,2330,337.5,3,10:57:33.647,1
1402,2020-01-02,2330,337.0,4,10:57:38.649,1
1403,2020-01-02,2330,337.0,8,10:57:43.657,1
1404,2020-01-02,2330,337.5,7,10:57:48.667,1
1405,2020-01-02,2330,337.5,2,10:57:53.677,1
1406,2020-01-02,2330,337.5,2,10:57:58.689,1
1407,2020-01-02,2330,337.5,2,10:58:03.703,1
1408,2020-01-02,2330,337.5,7,10:58:08.716,1
1409,2020-01-02,2330,337.5,13,10:58:13.730,1
1410,2020-01-02,2330,337.5,4,10:58:18.743,1
1411,2020-01-02,2330,337.5,5,10:58:23.756,1
1412,2020-01-02,2330,337.5,3,10:58:28.770,1
1413,2020-01-02,2330,337.5,1,10:58:33.785,1
1414,2020-01-02,2330,337.5,1,10:58:38.800,1
1415,2020-01-02,2330,337.5,8,10:58:43.813,1
1416,2020-01-02,2330,337.5,2,10:58:48.827,1
1417,2020-01-02,2330,337.5,5,10:58:53.841,1
1418,2020-01-02,2330,337.5,7,10:58:58.856,1
1419,2020-01-02,2330,337.5,2,10:59:03.871,1
1420,2020-01-02,2330,337.5,1,10:59:08.886,1
1421,2020-01-02,2330,337.5,2,10:59:13.899,1
1422,2020-01-02,2330,337.5,10,10:59:18.912,1
1423,2020-01-02,2330,337.5,3,10:59:23.926,1
1424,2020-01-02,2330,337.5,314,10:59:28.939,1
1425,2020-01-02,2330,338.0,10,10:59:33.952,1
1426,2020-01-02,2330,338.0,3,10:59:38.965,1
1427,2020-01-02,2330,338.0,7,10:59:43.979,1
1428,2020-01-02,2330,337.5,4,10:59:48.992,1
1429,2020-01-02,2330,338.0,7,10:59:54.007,1
1430,2020-01-02,2330,338.0,1,10:59:59.022,1
1431,2020-01-02,2330,338.0,4,11:00:04.038,1
1432,2020-01-02,2330,338.0,2,11:00:09.053,1
1433,2020-01-02,2330,338.0,6,11:00:14.066,1
1434,2020-01-02,2330,338.0,3,11:00:19.081,1
1435,2020-01-02,2330,337.5,3,11:00:24.095,1
1436,2020-01-02,2330,338.0,5,11:00:29.109,1
1437,2020-01-02,2330,337.5,5,11:00:34.124,1
1438,2020-01-02,2330,338.0,1,11:00:39.138,1
1439,2020-01-02,2330,338.0,2,11:00:44.152,1
1440,2020-01-02,2330,338.0,20,11:00:49.166,1
1441,2020-01-02,2330,337.5,2,11:00:54.181,1
1442,2020-01-02,2330,337.5,3,11:00:59.195,1
1443,2020-01-02,2330,338.0,7,11:01:04.211,1
1444,2020-01-02,2330,338.0,3,11:01:09.226,1
1445,2020-01-02,2330,338.0,2,11:01:14.241,1
1446,2020-01-02,2330,338.0,2,11:01:19.254,1
1447,2020-01-02,2330,338.0,7,11:01:24.268,1
1448,2020-01-02,2330,338.0,5,11:01:29.284,1
1449,2020-01-02,2330,338.0,5,11:01:34.299,1
1450,2020-01-02,2330,338.0,1,11:01:39.311,1
1451,2020-01-02,2330,338.0,8,11:01:44.325,1
1452,2020-01-02,2330,338.0,3,11:01:49.338,1
1453,2020-01-02,2330,338.0,1,11:01:54.353,1
1454,2020-01-02,2330,338.0,8,11:01:59.367,1
1455,2020-01-02,2330,338.0,3,11:02:04.383,1
1456,2020-01-02,2330,338.0,7,11:02:09.398,1
1457,2020-01-02,2330,338.0,3,11:02:14.447,1
1458,2020-01-02,2330,338.0,6,11:02:19.496,1
1459,2020-01-02,2330,338.0,2,11:02:24.538,1
1460,2020-01-02,2330,338.0,1,11:02:29.573,1
1461,2020-01-02,2330,338.0,6,11:02:34.606,1
1462,2020-01-02,2330,338.0,19,11:02:39.633,1
1463,2020-01-02,2330,338.0,4,11:02:44.659,1
1464,2020-01-02,2330,338.0,1,11:02:49.682,1
1465,2020-01-02,2330,338.0,8,11:02:54.706,1
1466,2020-01-02,2330,338.0,1,11:02:59.728,1
1467,2020-01-02,2330,338.0,1,11:03:04.749,1
1468,2020-01-02,2330,338.0,2,11:03:09.770,1
1469,2020-01-02,2330,338.0,8,11:03:14.790,1
1470,2020-01-02,2330,338.0,5,11:03:19.811,1
1471,2020-01-02,2330,338.0,3,11:03:24.831,1
1472,2020-01-02,2330,338.0,9,11:03:29.849,1
1473,2020-01-02,2330,338.0,3,11:03:34.869,1
1474,2020-01-02,2330,338.0,5,11:03:39.888,1
1475,2020-01-02,2330,338.0,3,11:03:44.906,1
1476,2020-01-02,2330,338.0,8,11:03:49.927,1
1477,2020-01-02,2330,338.0,4,11:03:54.946,1
1478,2020-01-02,2330,338.0,3,11:03:59.965,1
1479,2020-01-02,2330,338.0,7,11:04:04.985,1
1480,2020-01-02,2330,338.0,3,11:04:10.006,1
1481,2020-01-02,2330,338.0,1,11:04:15.025,1
1482,2020-01-02,2330,338.0,3,11:04:20.045,1
1483,2020-01-02,2330,338.0,9,11:04:25.062,1
1484,2020-01-02,2330,338.0,7,11:04:30.082,1
1485,2020-01-02,2330,338.0,9,11:04:35.101,1
1486,2020-01-02,2330,338.0,17,11:04:40.121,1
1487,2020-01-02,2330,337.5,5,11:04:45.139,1
1488,2020-01-02,2330,337.5,10,11:04:50.159,1
1489,2020-01-02,2330,338.0,1,11:04:55.178,1
1490,2020-01-02,2330,338.0,7,11:05:00.198,1
1491,2020-01-02,2330,338.0,3,11:05:05.218,1
1492,2020-01-02,2330,338.0,2,11:05:10.237,1
1493,2020-01-02,2330,338.0,2,11:05:15.256,1
1494,2020-01-02,2330,338.0,7,11:05:20.276,1
1495,2020-01-02,2330,337.5,8,11:05:25.296,1
1496,2020-01-02,2330,338.0,3,11:05:30.314,1
1497,2020-01-02,2330,338.0,7,11:05:35.333,1
1498,2020-01-02,2330,338.0,1,11:05:40.353,1
1499,2020-01-02,2330,338.0,2,11:05:45.373,1
1500,2020-01-02,2330,338.0,3,11:05:50.393,1
1501,2020-01-02,2330,338.0,7,11:05:55.414,1
1502,2020-01-02,2330,338.0,4,11:06:00.434,1
1503,2020-01-02,2330,338.0,23,11:06:05.453,1
1504,2020-01-02,2330,338.0,7,11:06:10.473,1
1505,2020-01-02,2330,338.0,2,11:06:15.492,1
1506,2020-01-02,2330,338.0,3,11:06:20.511,1
1507,2020-01-02,2330,338.0,4,11:06:25.531,1
1508,2020-01-02,2330,338.0,8,11:06:30.550,1
1509,2020-01-02,2330,338.0,4,11:06:35.569,1
1510,2020-01-02,2330,338.0,1,11:06:40.589,1
1511,2020-01-02,2330,338.0,1,11:06:45.609,1
1512,2020-01-02,2330,338.0,9,11:06:50.628,1
1513,2020-01-02,2330,338.0,2,11:06:55.647,1
1514,2020-01-02,2330,338.0,4,11:07:00.667,1
1515,2020-01-02,2330,338.0,39,11:07:05.686,1
1516,2020-01-02,2330,338.0,2,11:07:10.705,1
1517,2020-01-02,2330,338.0,2,11:07:15.879,1
1518,2020-01-02,2330,338.0,13,11:07:21.062,1
1519,2020-01-02,2330,338.0,20,11:07:26.254,1
1520,2020-01-02,2330,338.0,2,11:07:31.452,1
1521,2020-01-02,2330,338.0,3,11:07:36.455,1
1522,2020-01-02,2330,338.0,9,11:07:41.461,1
1523,2020-01-02,2330,338.0,2,11:07:46.470,1
1524,2020-01-02,2330,338.0,2,11:07:51.480,1
1525,2020-01-02,2330,338.0,16,11:07:56.492,1
1526,2020-01-02,2330,338.0,7,11:08:01.505,1
1527,2020-01-02,2330,338.0,3,11:08:06.518,1
1528,2020-01-02,2330,338.0,20,11:08:11.531,1
1529,2020-01-02,2330,338.0,11,11:08:16.546,1
1530,2020-01-02,2330,338.0,6,11:08:21.560,1
1531,2020-01-02,2330,338.0,12,11:08:26.574,1
1532,2020-01-02,2330,338.0,17,11:08:31.587,1
1533,2020-01-02,2330,338.0,12,11:08:36.601,1
1534,2020-01-02,2330,338.0,34,11:08:41.616,1
1535,2020-01-02,2330,338.0,7,11:08:46.631,1
1536,2020-01-02,2330,338.0,10,11:08:51.645,1
1537,2020-01-02,2330,338.0,6,11:08:56.660,1
1538,2020-01-02,2330,338.0,4,11:09:01.675,1
1539,2020-01-02,2330,338.0,3,11:09:06.689,1
1540,2020-01-02,2330,338.0,7,11:09:11.704,1
1541,2020-01-02,2330,338.0,2,11:09:16.719,1
1542,2020-01-02,2330,338.0,8,11:09:21.732,1
1543,2020-01-02,2330,338.0,12,11:09:26.746,1
1544,2020-01-02,2330,338.0,106,11:09:31.760,1
1545,2020-01-02,2330,338.0,10,11:09:36.774,1
1546,2020-01-02,2330,338.0,164,11:09:41.789,1
1547,2020-01-02,2330,338.0,22,11:09:46.804,1
1548,2020-01-02,2330,338.0,9,11:09:51.819,1
1549,2020-01-02,2330,338.0,34,11:09:56.834,1
1550,2020-01-02,2330,338.0,19,11:10:01.849,1
1551,2020-01-02,2330,338.0,27,11:10:06.863,1
1552,2020-01-02,2330,338.0,12,11:10:11.875,1
1553,2020-01-02,2330,338.0,15,11:10:16.890,1
1554,2020-01-02,2330,338.0,8,11:10:21.903,1
1555,2020-01-02,2330,338.0,18,11:10:26.916,1
1556,2020-01-02,2330,338.0,8,11:10:31.930,1
1557,2020-01-02,2330,338.0,3,11:10:36.943,1
1558,2020-01-02,2330,338.0,5,11:10:41.956,1
1559,2020-01-02,2330,338.0,13,11:10:46.971,1
1560,2020-01-02,2330,338.0,3,11:10:51.986,1
1561,2020-01-02,2330,338.0,13,11:10:57.000,1
1562,2020-01-02,2330,338.0,2,11:11:02.015,1
1563,2020-01-02,2330,338.0,8,11:11:07.030,1
1564,2020-01-02,2330,338.0,5,11:11:12.045,1
1565,2020-01-02,2330,338.0,1,11:11:17.060,1
1566,2020-01-02,2330,338.0,12,11:11:22.074,1
1567,2020-01-02,2330,338.0,8,11:11:27.088,1
1568,2020-01-02,2330,338.0,23,11:11:32.100,1
1569,2020-01-02,2330,338.5,1,11:11:37.115,1
1570,2020-01-02,2330,338.5,2,11:11:42.129,1
1571,2020-01-02,2330,338.5,6,11:11:47.145,1
1572,2020-01-02,2330,338.0,8,11:11:52.157,1
1573,2020-01-02,2330,338.0,2,11:11:57.172,1
1574,2020-01-02,2330,338.5,2,11:12:02.187,1
1575,2020-01-02,2330,338.5,12,11:12:07.201,1
1576,2020-01-02,2330,338.0,2,11:12:12.228,1
1577,2020-01-02,2330,338.5,6,11:12:17.285,1
1578,2020-01-02,2330,338.0,3,11:12:22.332,1
1579,2020-01-02,2330,338.5,11,11:12:27.371,1
1580,2020-01-02,2330,338.5,2,11:12:32.406,1
1581,2020-01-02,2330,338.5,1,11:12:37.437,1
1582,2020-01-02,2330,338.5,2,11:12:42.464,1
1583,2020-01-02,2330,338.5,7,11:12:47.490,1
1584,2020-01-02,2330,338.5,229,11:12:52.513,1
1585,2020-01-02,2330,338.5,6,11:12:57.535,1
1586,2020-01-02,2330,338.5,2,11:13:02.557,1
1587,2020-01-02,2330,338.5,10,11:13:07.576,1
1588,2020-01-02,2330,338.5,3,11:13:12.595,1
1589,2020-01-02,2330,338.5,3,11:13:17.616,1
1590,2020-01-02,2330,338.5,6,11:13:22.634,1
1591,2020-01-02,2330,338.5,9,11:13:27.654,1
1592,2020-01-02,2330,338.5,5,11:13:32.674,1
1593,2020-01-02,2330,338.5,3,11:13:37.691,1
1594,2020-01-02,2330,338.5,2,11:13:42.712,1
1595,2020-01-02,2330,338.5,7,11:13:47.732,1
1596,2020-01-02,2330,338.5,1,11:13:52.752,1
1597,2020-01-02,2330,338.5,3,11:13:57.771,1
1598,2020-01-02,2330,338.5,6,11:14:02.790,1
1599,2020-01-02,2330,338.5,7,11:14:07.806,1
1600,2020-01-02,2330,338.5,12,11:14:12.825,1
1601,2020-01-02,2330,338.5,2,11:14:17.844,1
1602,2020-01-02,2330,338.5,4,11:14:22.863,1
1603,2020-01-02,2330,338.5,11,11:14:27.883,1
1604,2020-01-02,2330,338.5,7,11:14:32.901,1
1605,2020-01-02,2330,338.5,9,11:14:37.920,1
1606,2020-01-02,2330,338.0,3,11:14:42.939,1
1607,2020-01-02,2330,338.5,8,11:14:47.959,1
1608,2020-01-02,2330,338.5,3,11:14:52.980,1
1609,2020-01-02,2330,338.0,2,11:14:57.998,1
1610,2020-01-02,2330,338.5,2,11:15:03.018,1
1611,2020-01-02,2330,338.5,8,11:15:08.038,1
1612,2020-01-02,2330,338.5,2,11:15:13.058,1
1613,2020-01-02,2330,338.5,4,11:15:18.079,1
1614,2020-01-02,2330,338.5,5,11:15:23.098,1
1615,2020-01-02,2330,338.5,7,11:15:28.117,1
1616,2020-01-02,2330,338.5,4,11:15:33.134,1
1617,2020-01-02,2330,338.5,6,11:15:38.153,1
1618,2020-01-02,2330,338.5,15,11:15:43.173,1
1619,2020-01-02,2330,338.5,6,11:15:48.193,1
1620,2020-01-02,2330,338.0,10,11:15:53.211,1
1621,2020-01-02,2330,338.5,3,11:15:58.231,1
1622,2020-01-02,2330,338.5,6,11:16:03.251,1
1623,2020-01-02,2330,338.5,7,11:16:08.271,1
1624,2020-01-02,2330,338.0,3,11:16:13.290,1
1625,2020-01-02,2330,338.0,6,11:16:18.310,1
1626,2020-01-02,2330,338.5,4,11:16:23.330,1
1627,2020-01-02,2330,338.5,9,11:16:28.348,1
1628,2020-01-02,2330,338.5,9,11:16:33.365,1
1629,2020-01-02,2330,338.5,4,11:16:38.384,1
1630,2020-01-02,2330,338.5,2,11:16:43.404,1
1631,2020-01-02,2330,338.5,6,11:16:48.424,1
1632,2020-01-02,2330,338.5,4,11:16:53.443,1
1633,2020-01-02,2330,338.0,5,11:16:58.462,1
1634,2020-01-02,2330,338.5,1,11:17:03.482,1
1635,2020-01-02,2330,338.5,7,11:17:08.503,1
1636,2020-01-02,2330,338.5,2,11:17:13.694,1
1637,2020-01-02,2330,338.5,5,11:17:18.873,1
1638,2020-01-02,2330,338.5,3,11:17:24.061,1
1639,2020-01-02,2330,338.5,8,11:17:29.258,1
1640,2020-01-02,2330,338.5,2,11:17:34.259,1
1641,2020-01-02,2330,338.5,11,11:17:39.265,1
1642,2020-01-02,2330,338.5,7,11:17:44.272,1
1643,2020-01-02,2330,338.5,6,11:17:49.283,1
1644,2020-01-02,2330,338.5,3,11:17:54.294,1
1645,2020-01-02,2330,338.5,3,11:17:59.307,1
1646,2020-01-02,2330,338.0,2,11:18:04.320,1
1647,2020-01-02,2330,338.5,6,11:18:09.334,1
1648,2020-01-02,2330,338.5,2,11:18:14.346,1
1649,2020-01-02,2330,338.5,2,11:18:19.360,1
1650,2020-01-02,2330,338.5,3,11:18:24.372,1
1651,2020-01-02,2330,338.5,10,11:18:29.387,1
1652,2020-01-02,2330,338.5,2,11:18:34.400,1
1653,2020-01-02,2330,338.5,5,11:18:39.415,1
1654,2020-01-02,2330,338.5,3,11:18:44.430,1
1655,2020-01-02,2330,338.5,14,11:18:49.445,1
1656,2020-01-02,2330,338.5,1,11:18:54.458,1
1657,2020-01-02,2330,338.5,134,11:18:59.473,1
1658,2020-01-02,2330,338.5,18,11:19:04.486,1
1659,2020-01-02,2330,338.5,11,11:19:09.500,1
1660,2020-01-02,2330,339.0,2,11:19:14.512,1
1661,2020-01-02,2330,339.0,3,11:19:19.526,1
1662,2020-01-02,2330,338.5,30,11:19:24.539,1
1663,2020-01-02,2330,339.0,6,11:19:29.553,1
1664,2020-01-02,2330,338.5,13,11:19:34.567,1
1665,2020-01-02,2330,338.5,10,11:19:39.583,1
1666,2020-01-02,2330,338.5,10,11:19:44.595,1
1667,2020-01-02,2330,339.0,8,11:19:49.610,1
1668,2020-01-02,2330,338.5,11,11:19:54.624,1
1669,2020-01-02,2330,338.5,19,11:19:59.638,1
1670,2020-01-02,2330,338.5,8,11:20:04.652,1
1671,2020-01-02,2330,338.5,37,11:20:09.667,1
1672,2020-01-02,2330,338.5,4,11:20:14.680,1
1673,2020-01-02,2330,338.5,15,11:20:19.693,1
1674,2020-01-02,2330,338.5,1,11:20:24.707,1
1675,2020-01-02,2330,338.5,7,11:20:29.720,1
1676,2020-01-02,2330,338.5,2,11:20:34.735,1
1677,2020-01-02,2330,338.5,1,11:20:39.748,1
1678,2020-01-02,2330,338.5,9,11:20:44.764,1
1679,2020-01-02,2330,338.0,11,11:20:49.779,1
1680,2020-01-02,2330,338.5,1,11:20:54.794,1
1681,2020-01-02,2330,338.5,3,11:20:59.809,1
1682,2020-01-02,2330,338.5,4,11:21:04.824,1
1683,2020-01-02,2330,338.5,6,11:21:09.840,1
1684,2020-01-02,2330,338.5,3,11:21:14.854,1
1685,2020-01-02,2330,338.5,8,11:21:19.869,1
1686,2020-01-02,2330,338.5,2,11:21:24.882,1
1687,2020-01-02,2330,338.5,7,11:21:29.897,1
1688,2020-01-02,2330,338.5,3,11:21:34.911,1
1689,2020-01-02,2330,338.5,4,11:21:39.924,1
1690,2020-01-02,2330,338.5,2,11:21:44.939,1
1691,2020-01-02,2330,338.5,7,11:21:49.954,1
1692,2020-01-02,2330,338.5,4,11:21:54.969,1
1693,2020-01-02,2330,338.0,2,11:21:59.983,1
1694,2020-01-02,2330,338.5,5,11:22:04.998,1
1695,2020-01-02,2330,338.5,7,11:22:10.014,1
1696,2020-01-02,2330,338.0,4,11:22:15.068,1
1697,2020-01-02,2330,338.0,3,11:22:20.119,1
1698,2020-01-02,2330,338.5,103,11:22:25.162,1
1699,2020-01-02,2330,339.0,10,11:22:30.196,1
1700,2020-01-02,2330,339.0,3,11:22:35.226,1
1701,2020-01-02,2330,339.0,2,11:22:40.255,1
1702,2020-01-02,2330,339.0,3,11:22:45.280,1
1703,2020-01-02,2330,339.0,9,11:22:50.304,1
1704,2020-01-02,2330,339.0,2,11:22:55.326,1
1705,2020-01-02,2330,338.5,7,11:23:00.348,1
1706,2020-01-02,2330,338.5,19,11:23:05.370,1
1707,2020-01-02,2330,338.5,14,11:23:10.391,1
1708,2020-01-02,2330,338.5,4,11:23:15.411,1
1709,2020-01-02,2330,338.5,5,11:23:20.432,1
1710,2020-01-02,2330,338.5,7,11:23:25.450,1
1711,2020-01-02,2330,338.5,2,11:23:30.469,1
1712,2020-01-02,2330,338.5,4,11:23:35.488,1
1713,2020-01-02,2330,338.5,2,11:23:40.508,1
1714,2020-01-02,2330,338.0,2,11:23:45.527,1
1715,2020-01-02,2330,338.5,8,11:23:50.546,1
1716,2020-01-02,2330,338.5,2,11:23:55.566,1
1717,2020-01-02,2330,338.5,1,11:24:00.587,1
1718,2020-01-02,2330,338.5,3,11:24:05.606,1
1719,2020-01-02,2330,338.5,7,11:24:10.625,1
1720,2020-01-02,2330,338.5,3,11:24:15.645,1
1721,2020-01-02,2330,338.5,2,11:24:20.666,1
1722,2020-01-02,2330,338.5,2,11:24:25.685,1
1723,2020-01-02,2330,338.5,9,11:24:30.703,1
1724,2020-01-02,2330,338.5,3,11:24:35.723,1
1725,2020-01-02,2330,338.5,4,11:24:40.743,1
1726,2020-01-02,2330,338.5,2,11:24:45.764,1
1727,2020-01-02,2330,338.5,8,11:24:50.784,1
1728,2020-01-02,2330,338.5,1,11:24:55.803,1
1729,2020-01-02,2330,338.0,5,11:25:00.821,1
1730,2020-01-02,2330,338.5,3,11:25:05.841,1
1731,2020-01-02,2330,338.5,7,11:25:10.862,1
1732,2020-01-02,2330,338.5,5,11:25:15.881,1
1733,2020-01-02,2330,338.5,1,11:25:20.901,1
1734,2020-01-02,2330,338.5,2,11:25:25.921,1
1735,2020-01-02,2330,338.5,9,11:25:30.940,1
1736,2020-01-02,2330,338.5,1,11:25:35.961,1
1737,2020-01-02,2330,338.5,1,11:25:40.981,1
1738,2020-01-02,2330,338.5,3,11:25:46.000,1
1739,2020-01-02,2330,338.5,5,11:25:51.020,1
1740,2020-01-02,2330,338.5,1,11:25:56.040,1
1741,2020-01-02,2330,338.5,3,11:26:01.061,1
1742,2020-01-02,2330,338.5,7,11:26:06.080,1
1743,2020-01-02,2330,338.5,6,11:26:11.099,1
1744,2020-01-02,2330,338.5,2,11:26:16.116,1
1745,2020-01-02,2330,338.5,3,11:26:21.136,1
1746,2020-01-02,2330,338.5,8,11:26:26.154,1
1747,2020-01-02,2330,338.5,1,11:26:31.174,1
1748,2020-01-02,2330,338.5,3,11:26:36.194,1
1749,2020-01-02,2330,338.5,1,11:26:41.214,1
1750,2020-01-02,2330,338.5,9,11:26:46.233,1
1751,2020-01-02,2330,338.0,5,11:26:51.253,1
1752,2020-01-02,2330,338.5,3,11:26:56.273,1
1753,2020-01-02,2330,338.5,3,11:27:01.293,1
1754,2020-01-02,2330,338.5,3,11:27:06.312,1
1755,2020-01-02,2330,338.5,8,11:27:11.326,1
1756,2020-01-02,2330,338.0,3,11:27:16.497,1
1757,2020-01-02,2330,338.5,4,11:27:21.681,1
1758,2020-01-02,2330,338.5,6,11:27:26.873,1
1759,2020-01-02,2330,338.0,2,11:27:31.873,1
1760,2020-01-02,2330,338.5,3,11:27:36.878,1
1761,2020-01-02,2330,338.0,19,11:27:41.885,1
1762,2020-01-02,2330,338.5,7,11:27:46.895,1
1763,2020-01-02,2330,338.5,2,11:27:51.906,1
1764,2020-01-02,2330,338.5,3,11:27:56.917,1
1765,2020-01-02,2330,338.5,1,11:28:01.930,1
1766,2020-01-02,2330,338.5,7,11:28:06.943,1
1767,2020-01-02,2330,338.0,5,11:28:11.956,1
1768,2020-01-02,2330,338.5,1,11:28:16.970,1
1769,2020-01-02,2330,338.5,2,11:28:21.984,1
1770,2020-01-02,2330,338.5,9,11:28:26.996,1
1771,2020-01-02,2330,338.5,5,11:28:32.010,1
1772,2020-01-02,2330,338.5,5,11:28:37.025,1
1773,2020-01-02,2330,338.5,1,11:28:42.040,1
1774,2020-01-02,2330,338.5,6,11:28:47.055,1
1775,2020-01-02,2330,338.5,3,11:28:52.070,1
1776,2020-01-02,2330,338.0,21,11:28:57.085,1
1777,2020-01-02,2330,338.5,1,11:29:02.101,1
1778,2020-01-02,2330,338.5,9,11:29:07.113,1
1779,2020-01-02,2330,338.5,6,11:29:12.126,1
1780,2020-01-02,2330,338.5,2,11:29:17.138,1
1781,2020-01-02,2330,338.0,5,11:29:22.152,1
1782,2020-01-02,2330,338.5,8,11:29:27.167,1
1783,2020-01-02,2330,338.0,7,11:29:32.182,1
1784,2020-01-02,2330,338.0,12,11:29:37.197,1
1785,2020-01-02,2330,338.5,11,11:29:42.211,1
1786,2020-01-02,2330,338.5,6,11:29:47.225,1
1787,2020-01-02,2330,338.5,8,11:29:52.239,1
1788,2020-01-02,2330,338.5,3,11:29:57.254,1
1789,2020-01-02,2330,338.5,2,11:30:02.268,1
1790,2020-01-02,2330,338.5,8,11:30:07.284,1
1791,2020-01-02,2330,338.5,3,11:30:12.298,1
1792,2020-01-02,2330,338.5,3,11:30:17.312,1
1793,2020-01-02,2330,338.0,4,11:30:22.326,1
1794,2020-01-02,2330,338.5,7,11:30:27.341,1
1795,2020-01-02,2330,338.5,1,11:30:32.355,1
1796,2020-01-02,2330,338.5,3,11:30:37.370,1
1797,2020-01-02,2330,338.5,6,11:30:42.385,1
1798,2020-01-02,2330,338.5,8,11:30:47.400,1
1799,2020-01-02,2330,338.5,3,11:30:52.415,1
1800,2020-01-02,2330,338.0,4,11:30:57.429,1
1801,2020-01-02,2330,338.0,2,11:31:02.444,1
1802,2020-01-02,2330,338.5,7,11:31:07.460,1
1803,2020-01-02,2330,338.5,4,11:31:12.474,1
1804,2020-01-02,2330,338.5,2,11:31:17.489,1
1805,2020-01-02,2330,338.0,3,11:31:22.502,1
1806,2020-01-02,2330,338.5,9,11:31:27.516,1
1807,2020-01-02,2330,338.0,5,11:31:32.530,1
1808,2020-01-02,2330,338.0,1,11:31:37.546,1
1809,2020-01-02,2330,338.5,10,11:31:42.561,1
1810,2020-01-02,2330,338.5,12,11:31:47.576,1
1811,2020-01-02,2330,338.5,1,11:31:52.591,1
1812,2020-01-02,2330,338.5,2,11:31:57.606,1
1813,2020-01-02,2330,338.0,4,11:32:02.621,1
1814,2020-01-02,2330,338.5,6,11:32:07.636,1
1815,2020-01-02,2330,338.5,2,11:32:12.667,1
1816,2020-01-02,2330,338.5,17,11:32:17.725,1
1817,2020-01-02,2330,338.5,1,11:32:22.771,1
1818,2020-01-02,2330,338.5,9,11:32:27.810,1
1819,2020-01-02,2330,338.0,3,11:32:32.843,1
1820,2020-01-02,2330,338.5,4,11:32:37.873,1
1821,2020-01-02,2330,338.5,2,11:32:42.900,1
1822,2020-01-02,2330,338.5,11,11:32:47.924,1
1823,2020-01-02,2330,338.5,6,11:32:52.948,1
1824,2020-01-02,2330,338.5,1,11:32:57.971,1
1825,2020-01-02,2330,338.5,2,11:33:02.992,1
1826,2020-01-02,2330,338.5,8,11:33:08.014,1
1827,2020-01-02,2330,338.0,4,11:33:13.033,1
1828,2020-01-02,2330,338.5,2,11:33:18.054,1
1829,2020-01-02,2330,338.5,1,11:33:23.074,1
1830,2020-01-02,2330,338.5,8,11:33:28.094,1
1831,2020-01-02,2330,338.0,6,11:33:33.114,1
1832,2020-01-02,2330,338.5,4,11:33:38.134,1
1833,2020-01-02,2330,338.5,8,11:33:43.154,1
1834,2020-01-02,2330,338.5,9,11:33:48.174,1
1835,2020-01-02,2330,338.5,5,11:33:53.194,1
1836,2020-01-02,2330,338.5,2,11:33:58.215,1
1837,2020-01-02,2330,338.5,3,11:34:03.234,1
1838,2020-01-02,2330,338.5,9,11:34:08.252,1
1839,2020-01-02,2330,338.5,10,11:34:13.269,1
1840,2020-01-02,2330,338.5,2,11:34:18.288,1
1841,2020-01-02,2330,338.0,3,11:34:23.308,1
1842,2020-01-02,2330,338.5,7,11:34:28.326,1
1843,2020-01-02,2330,338.5,2,11:34:33.345,1
1844,2020-01-02,2330,338.5,4,11:34:38.364,1
1845,2020-01-02,2330,338.5,1,11:34:43.384,1
1846,2020-01-02,2330,338.5,8,11:34:48.405,1
1847,2020-01-02,2330,338.5,3,11:34:53.425,1
1848,2020-01-02,2330,338.5,1,11:34:58.444,1
1849,2020-01-02,2330,338.5,3,11:35:03.463,1
1850,2020-01-02,2330,338.5,9,11:35:08.483,1
1851,2020-01-02,2330,338.5,1,11:35:13.502,1
1852,2020-01-02,2330,338.5,10,11:35:18.523,1
1853,2020-01-02,2330,338.5,4,11:35:23.542,1
1854,2020-01-02,2330,338.5,7,11:35:28.562,1
1855,2020-01-02,2330,338.5,123,11:35:33.580,1
1856,2020-01-02,2330,338.5,29,11:35:38.600,1
1857,2020-01-02,2330,338.5,34,11:35:43.621,1
1858,2020-01-02,2330,338.5,15,11:35:48.641,1
1859,2020-01-02,2330,339.0,9,11:35:53.660,1
1860,2020-01-02,2330,339.0,1,11:35:58.679,1
1861,2020-01-02,2330,339.0,2,11:36:03.698,1
1862,2020-01-02,2330,339.0,10,11:36:08.717,1
1863,2020-01-02,2330,339.0,6,11:36:13.737,1
1864,2020-01-02,2330,338.5,3,11:36:18.756,1
1865,2020-01-02,2330,338.5,4,11:36:23.775,1
1866,2020-01-02,2330,339.0,7,11:36:28.795,1
1867,2020-01-02,2330,338.5,3,11:36:33.813,1
1868,2020-01-02,2330,339.0,2,11:36:38.834,1
1869,2020-01-02,2330,338.5,53,11:36:43.854,1
1870,2020-01-02,2330,339.0,8,11:36:48.873,1
1871,2020-01-02,2330,338.5,2,11:36:53.892,1
1872,2020-01-02,2330,339.0,4,11:36:58.911,1
1873,2020-01-02,2330,339.0,3,11:37:03.930,1
1874,2020-01-02,2330,339.0,8,11:37:08.950,1
1875,2020-01-02,2330,339.0,4,11:37:14.138,1
1876,2020-01-02,2330,338.5,3,11:37:19.318,1
1877,2020-01-02,2330,339.0,3,11:37:24.509,1
1878,2020-01-02,2330,338.5,10,11:37:29.705,1
1879,2020-01-02,2330,338.5,1,11:37:34.707,1
1880,2020-01-02,2330,338.5,4,11:37:39.713,1
1881,2020-01-02,2330,339.0,9,11:37:44.721,1
1882,2020-01-02,2330,339.0,8,11:37:49.730,1
1883,2020-01-02,2330,339.0,2,11:37:54.742,1
1884,2020-01-02,2330,339.0,3,11:37:59.754,1
1885,2020-01-02,2330,339.0,2,11:38:04.766,1
1886,2020-01-02,2330,339.0,7,11:38:09.778,1
1887,2020-01-02,2330,338.5,10,11:38:14.790,1
1888,2020-01-02,2330,339.0,2,11:38:19.805,1
1889,2020-01-02,2330,339.0,1,11:38:24.819,1
1890,2020-01-02,2330,339.0,8,11:38:29.832,1
1891,2020-01-02,2330,338.5,4,11:38:34.847,1
1892,2020-01-02,2330,339.0,3,11:38:39.862,1
1893,2020-01-02,2330,339.0,2,11:38:44.877,1
1894,2020-01-02,2330,339.0,12,11:38:49.891,1
1895,2020-01-02,2330,338.5,2,11:38:54.904,1
1896,2020-01-02,2330,339.0,2,11:38:59.919,1
1897,2020-01-02,2330,339.0,7,11:39:04.933,1
1898,2020-01-02,2330,339.0,9,11:39:09.949,1
1899,2020-01-02,2330,339.0,24,11:39:14.963,1
1900,2020-01-02,2330,339.0,2,11:39:19.977,1
1901,2020-01-02,2330,339.0,3,11:39:24.992,1
1902,2020-01-02,2330,339.0,10,11:39:30.007,1
1903,2020-01-02,2330,339.0,3,11:39:35.022,1
1904,2020-01-02,2330,338.5,3,11:39:40.037,1
1905,2020-01-02,2330,339.0,9,11:39:45.051,1
1906,2020-01-02,2330,339.0,9,11:39:50.066,1
1907,2020-01-02,2330,338.5,5,11:39:55.080,1
1908,2020-01-02,2330,338.5,2,11:40:00.095,1
1909,2020-01-02,2330,338.5,2,11:40:05.108,1
1910,2020-01-02,2330,339.0,6,11:40:10.123,1
1911,2020-01-02,2330,339.0,1,11:40:15.136,1
1912,2020-01-02,2330,338.5,5,11:40:20.151,1
1913,2020-01-02,2330,339.0,3,11:40:25.164,1
1914,2020-01-02,2330,339.0,8,11:40:30.177,1
1915,2020-01-02,2330,339.0,2,11:40:35.191,1
1916,2020-01-02,2330,338.5,2,11:40:40.207,1
1917,2020-01-02,2330,338.5,15,11:40:45.221,1
1918,2020-01-02,2330,339.0,8,11:40:50.236,1
1919,2020-01-02,2330,339.0,4,11:40:55.251,1
1920,2020-01-02,2330,339.0,1,11:41:00.266,1
1921,2020-01-02,2330,339.0,4,11:41:05.279,1
1922,2020-01-02,2330,339.0,10,11:41:10.295,1
1923,2020-01-02,2330,338.5,5,11:41:15.309,1
1924,2020-01-02,2330,339.0,2,11:41:20.323,1
1925,2020-01-02,2330,339.0,2,11:41:25.338,1
1926,2020-01-02,2330,339.0,6,11:41:30.353,1
1927,2020-01-02,2330,339.0,5,11:41:35.369,1
1928,2020-01-02,2330,338.5,5,11:41:40.384,1
1929,2020-01-02,2330,339.0,9,11:41:45.399,1
1930,2020-01-02,2330,339.0,9,11:41:50.413,1
1931,2020-01-02,2330,339.0,2,11:41:55.428,1
1932,2020-01-02,2330,339.0,3,11:42:00.443,1
1933,2020-01-02,2330,339.0,1,11:42:05.458,1
1934,2020-01-02,2330,339.0,10,11:42:10.473,1
1935,2020-01-02,2330,338.5,3,11:42:15.530,1
1936,2020-01-02,2330,339.0,3,11:42:20.581,1
1937,2020-01-02,2330,339.0,4,11:42:25.623,1
1938,2020-01-02,2330,339.0,6,11:42:30.658,1
1939,2020-01-02,2330,339.0,4,11:42:35.689,1
1940,2020-01-02,2330,339.0,10,11:42:40.717,1
1941,2020-01-02,2330,339.0,7,11:42:45.743,1
1942,2020-01-02,2330,339.0,5,11:42:50.767,1
1943,2020-01-02,2330,339.0,4,11:42:55.790,1
1944,2020-01-02,2330,339.0,2,11:43:00.811,1
1945,2020-01-02,2330,339.0,8,11:43:05.831,1
1946,2020-01-02,2330,339.0,2,11:43:10.853,1
1947,2020-01-02,2330,339.0,3,11:43:15.873,1
1948,2020-01-02,2330,338.5,3,11:43:20.893,1
1949,2020-01-02,2330,339.0,3,11:43:25.913,1
1950,2020-01-02,2330,338.5,5,11:43:30.934,1
1951,2020-01-02,2330,338.5,1,11:43:35.954,1
1952,2020-01-02,2330,339.0,6,11:43:40.974,1
1953,2020-01-02,2330,339.0,17,11:43:45.995,1
1954,2020-01-02,2330,339.0,3,11:43:51.014,1
1955,2020-01-02,2330,339.0,3,11:43:56.033,1
1956,2020-01-02,2330,338.5,5,11:44:01.053,1
1957,2020-01-02,2330,339.0,4,11:44:06.069,1
1958,2020-01-02,2330,339.0,7,11:44:11.088,1
1959,2020-01-02,2330,339.0,1,11:44:16.108,1
1960,2020-01-02,2330,339.0,5,11:44:21.128,1
1961,2020-01-02,2330,339.0,7,11:44:26.148,1
1962,2020-01-02,2330,339.0,4,11:44:31.168,1
1963,2020-01-02,2330,339.0,5,11:44:36.187,1
1964,2020-01-02,2330,339.0,2,11:44:41.207,1
1965,2020-01-02,2330,339.0,7,11:44:46.227,1
1966,2020-01-02,2330,339.0,7,11:44:51.246,1
1967,2020-01-02,2330,339.0,2,11:44:56.264,1
1968,2020-01-02,2330,339.0,4,11:45:01.281,1
1969,2020-01-02,2330,339.0,10,11:45:06.300,1
1970,2020-01-02,2330,339.0,1,11:45:11.318,1
1971,2020-01-02,2330,338.5,6,11:45:16.338,1
1972,2020-01-02,2330,339.0,5,11:45:21.357,1
1973,2020-01-02,2330,338.5,2,11:45:26.378,1
1974,2020-01-02,2330,339.0,8,11:45:31.398,1
1975,2020-01-02,2330,339.0,2,11:45:36.417,1
1976,2020-01-02,2330,339.0,11,11:45:41.436,1
1977,2020-01-02,2330,339.0,8,11:45:46.456,1
1978,2020-01-02,2330,339.0,4,11:45:51.475,1
1979,2020-01-02,2330,339.0,1,11:45:56.493,1
1980,2020-01-02,2330,339.0,5,11:46:01.511,1
1981,2020-01-02,2330,339.0,7,11:46:06.531,1
1982,2020-01-02,2330,339.0,9,11:46:11.549,1
1983,2020-01-02,2330,339.0,3,11:46:16.568,1
1984,2020-01-02,2330,338.5,5,11:46:21.588,1
1985,2020-01-02,2330,339.0,8,11:46:26.605,1
1986,2020-01-02,2330,339.0,4,11:46:31.624,1
1987,2020-01-02,2330,338.5,8,11:46:36.644,1
1988,2020-01-02,2330,338.5,1,11:46:41.664,1
1989,2020-01-02,2330,338.5,2,11:46:46.685,1
1990,2020-01-02,2330,339.0,8,11:46:51.705,1
1991,2020-01-02,2330,339.0,1,11:46:56.725,1
1992,2020-01-02,2330,339.0,4,11:47:01.745,1
1993,2020-01-02,2330,339.0,8,11:47:06.765,1
1994,2020-01-02,2330,338.5,4,11:47:11.774,1
1995,2020-01-02,2330,338.5,2,11:47:16.948,1
1996,2020-01-02,2330,338.5,7,11:47:22.132,1
1997,2020-01-02,2330,339.0,7,11:47:27.327,1
1998,2020-01-02,2330,338.5,4,11:47:32.327,1
1999,2020-01-02,2330,338.5,5,11:47:37.332,1
2000,2020-01-02,2330,339.0,8,11:47:42.340,1
2001,2020-01-02,2330,339.0,6,11:47:47.348,1
2002,2020-01-02,2330,339.0,7,11:47:52.358,1
2003,2020-01-02,2330,338.5,2,11:47:57.371,1
2004,2020-01-02,2330,338.5,3,11:48:02.383,1
2005,2020-01-02,2330,339.0,10,11:48:07.395,1
2006,2020-01-02,2330,338.5,4,11:48:12.409,1
2007,2020-01-02,2330,339.0,2,11:48:17.422,1
2008,2020-01-02,2330,339.0,4,11:48:22.436,1
2009,2020-01-02,2330,339.0,6,11:48:27.449,1
2010,2020-01-02,2330,339.0,2,11:48:32.464,1
2011,2020-01-02,2330,338.5,5,11:48:37.479,1
2012,2020-01-02,2330,339.0,5,11:48:42.494,1
2013,2020-01-02,2330,339.0,6,11:48:47.508,1
2014,2020-01-02,2330,339.0,5,11:48:52.522,1
2015,2020-01-02,2330,339.0,4,11:48:57.535,1
2016,2020-01-02,2330,338.5,6,11:49:02.550,1
2017,2020-01-02,2330,339.0,6,11:49:07.563,1
2018,2020-01-02,2330,339.0,4,11:49:12.575,1
2019,2020-01-02,2330,338.5,4,11:49:17.589,1
2020,2020-01-02,2330,339.0,2,11:49:22.603,1
2021,2020-01-02,2330,339.0,12,11:49:27.617,1
2022,2020-01-02,2330,338.5,15,11:49:32.632,1
2023,2020-01-02,2330,338.5,5,11:49:37.648,1
2024,2020-01-02,2330,339.0,11,11:49:42.663,1
2025,2020-01-02,2330,338.5,9,11:49:47.677,1
2026,2020-01-02,2330,338.5,2,11:49:52.690,1
2027,2020-01-02,2330,339.0,4,11:49:57.704,1
2028,2020-01-02,2330,338.5,6,11:50:02.719,1
2029,2020-01-02,2330,339.0,9,11:50:07.732,1
2030,2020-01-02,2330,339.0,5,11:50:12.747,1
2031,2020-01-02,2330,339.0,1,11:50:17.761,1
2032,2020-01-02,2330,338.5,7,11:50:22.774,1
2033,2020-01-02,2330,338.5,14,11:50:27.789,1
2034,2020-01-02,2330,338.5,3,11:50:32.804,1
2035,2020-01-02,2330,338.5,6,11:50:37.819,1
2036,2020-01-02,2330,339.0,3,11:50:42.834,1
2037,2020-01-02,2330,338.5,8,11:50:47.848,1
2038,2020-01-02,2330,339.0,19,11:50:52.863,1
2039,2020-01-02,2330,338.5,10,11:50:57.876,1
2040,2020-01-02,2330,338.5,3,11:51:02.890,1
2041,2020-01-02,2330,338.5,9,11:51:07.903,1
2042,2020-01-02,2330,339.0,3,11:51:12.918,1
2043,2020-01-02,2330,338.5,4,11:51:17.933,1
2044,2020-01-02,2330,338.5,3,11:51:22.947,1
2045,2020-01-02,2330,339.0,9,11:51:27.962,1
2046,2020-01-02,2330,338.5,11,11:51:32.976,1
2047,2020-01-02,2330,339.0,2,11:51:37.992,1
2048,2020-01-02,2330,339.0,2,11:51:43.007,1
2049,2020-01-02,2330,339.0,15,11:51:48.022,1
2050,2020-01-02,2330,338.5,5,11:51:53.037,1
2051,2020-01-02,2330,339.0,5,11:51:58.049,1
2052,2020-01-02,2330,339.0,5,11:52:03.063,1
2053,2020-01-02,2330,339.0,6,11:52:08.077,1
2054,2020-01-02,2330,338.5,5,11:52:13.112,1
2055,2020-01-02,2330,338.5,5,11:52:18.167,1
2056,2020-01-02,2330,339.0,6,11:52:23.214,1
2057,2020-01-02,2330,339.0,6,11:52:28.252,1
2058,2020-01-02,2330,339.0,4,11:52:33.285,1
2059,2020-01-02,2330,338.5,17,11:52:38.315,1
2060,2020-01-02,2330,338.5,49,11:52:43.343,1
2061,2020-01-02,2330,339.0,8,11:52:48.366,1
2062,2020-01-02,2330,338.5,11,11:52:53.390,1
2063,2020-01-02,2330,339.0,4,11:52:58.411,1
2064,2020-01-02,2330,338.5,4,11:53:03.430,1
2065,2020-01-02,2330,339.0,6,11:53:08.451,1
2066,2020-01-02,2330,339.0,2,11:53:13.471,1
2067,2020-01-02,2330,338.5,5,11:53:18.490,1
2068,2020-01-02,2330,338.5,102,11:53:23.511,1
2069,2020-01-02,2330,338.5,19,11:53:28.532,1
2070,2020-01-02,2330,338.5,8,11:53:33.550,1
2071,2020-01-02,2330,338.0,2,11:53:38.570,1
2072,2020-01-02,2330,338.5,11,11:53:43.590,1
2073,2020-01-02,2330,338.5,7,11:53:48.610,1
2074,2020-01-02,2330,338.5,2,11:53:53.629,1
2075,2020-01-02,2330,338.0,13,11:53:58.650,1
2076,2020-01-02,2330,338.0,1,11:54:03.669,1
2077,2020-01-02,2330,338.0,36,11:54:08.689,1
2078,2020-01-02,2330,338.0,1,11:54:13.709,1
2079,2020-01-02,2330,338.0,2,11:54:18.730,1
2080,2020-01-02,2330,338.5,3,11:54:23.750,1
2081,2020-01-02,2330,338.5,8,11:54:28.770,1
2082,2020-01-02,2330,338.0,8,11:54:33.789,1
2083,2020-01-02,2330,338.0,2,11:54:38.809,1
2084,2020-01-02,2330,338.0,8,11:54:43.829,1
2085,2020-01-02,2330,338.5,8,11:54:48.849,1
2086,2020-01-02,2330,338.5,4,11:54:53.866,1
2087,2020-01-02,2330,338.5,4,11:54:58.885,1
2088,2020-01-02,2330,338.5,2,11:55:03.903,1
2089,2020-01-02,2330,338.5,8,11:55:08.922,1
2090,2020-01-02,2330,338.0,2,11:55:13.940,1
2091,2020-01-02,2330,338.0,2,11:55:18.959,1
2092,2020-01-02,2330,338.5,5,11:55:23.978,1
2093,2020-01-02,2330,338.5,6,11:55:28.997,1
2094,2020-01-02,2330,338.0,4,11:55:34.017,1
2095,2020-01-02,2330,338.5,3,11:55:39.038,1
2096,2020-01-02,2330,338.5,15,11:55:49.077,1
2097,2020-01-02,2330,338.5,2,11:55:54.096,1
2098,2020-01-02,2330,338.5,1,11:55:59.112,1
2099,2020-01-02,2330,338.0,4,11:56:04.132,1
2100,2020-01-02,2330,338.5,8,11:56:09.151,1
2101,2020-01-02,2330,338.5,3,11:56:14.170,1
2102,2020-01-02,2330,338.5,2,11:56:19.189,1
2103,2020-01-02,2330,338.5,2,11:56:24.207,1
2104,2020-01-02,2330,338.5,6,11:56:29.225,1
2105,2020-01-02,2330,338.0,6,11:56:34.245,1
2106,2020-01-02,2330,338.5,1,11:56:39.263,1
2107,2020-01-02,2330,338.5,5,11:56:44.283,1
2108,2020-01-02,2330,338.5,6,11:56:49.303,1
2109,2020-01-02,2330,338.5,6,11:56:54.322,1
2110,2020-01-02,2330,338.5,2,11:56:59.341,1
2111,2020-01-02,2330,338.5,3,11:57:04.362,1
2112,2020-01-02,2330,338.5,6,11:57:09.380,1
2113,2020-01-02,2330,338.5,3,11:57:14.566,1
2114,2020-01-02,2330,338.0,3,11:57:19.746,1
2115,2020-01-02,2330,338.5,3,11:57:24.937,1
2116,2020-01-02,2330,338.5,8,11:57:30.136,1
2117,2020-01-02,2330,338.0,3,11:57:35.138,1
2118,2020-01-02,2330,338.5,2,11:57:40.144,1
2119,2020-01-02,2330,338.5,9,11:57:45.152,1
2120,2020-01-02,2330,338.5,7,11:57:50.162,1
2121,2020-01-02,2330,338.5,4,11:57:55.173,1
2122,2020-01-02,2330,338.5,4,11:58:00.184,1
2123,2020-01-02,2330,338.0,4,11:58:05.194,1
2124,2020-01-02,2330,338.5,8,11:58:10.206,1
2125,2020-01-02,2330,338.5,3,11:58:15.221,1
2126,2020-01-02,2330,338.5,5,11:58:20.235,1
2127,2020-01-02,2330,338.5,1,11:58:25.250,1
2128,2020-01-02,2330,338.5,7,11:58:30.265,1
2129,2020-01-02,2330,338.0,25,11:58:40.294,1
2130,2020-01-02,2330,338.5,6,11:58:45.308,1
2131,2020-01-02,2330,338.5,9,11:58:50.322,1
2132,2020-01-02,2330,338.5,5,11:58:55.337,1
2133,2020-01-02,2330,338.5,3,11:59:00.351,1
2134,2020-01-02,2330,338.0,4,11:59:05.364,1
2135,2020-01-02,2330,338.5,6,11:59:10.378,1
2136,2020-01-02,2330,338.5,2,11:59:15.392,1
2137,2020-01-02,2330,338.5,4,11:59:20.407,1
2138,2020-01-02,2330,338.0,2,11:59:25.423,1
2139,2020-01-02,2330,338.5,6,11:59:30.438,1
2140,2020-01-02,2330,338.5,6,11:59:35.452,1
2141,2020-01-02,2330,338.5,8,11:59:40.467,1
2142,2020-01-02,2330,338.5,2,11:59:45.481,1
2143,2020-01-02,2330,338.5,13,11:59:50.494,1
2144,2020-01-02,2330,338.5,1,11:59:55.509,1
2145,2020-01-02,2330,338.5,3,12:00:00.524,1
2146,2020-01-02,2330,338.5,8,12:00:05.539,1
2147,2020-01-02,2330,338.5,7,12:00:10.553,1
2148,2020-01-02,2330,338.5,7,12:00:15.567,1
2149,2020-01-02,2330,338.5,2,12:00:20.583,1
2150,2020-01-02,2330,338.5,2,12:00:25.598,1
2151,2020-01-02,2330,338.5,11,12:00:30.612,1
2152,2020-01-02,2330,338.5,1,12:00:35.627,1
2153,2020-01-02,2330,338.0,2,12:00:40.642,1
2154,2020-01-02,2330,338.5,9,12:00:45.656,1
2155,2020-01-02,2330,338.5,7,12:00:50.672,1
2156,2020-01-02,2330,338.5,1,12:00:55.687,1
2157,2020-01-02,2330,338.5,2,12:01:00.700,1
2158,2020-01-02,2330,338.5,5,12:01:05.714,1
2159,2020-01-02,2330,338.5,7,12:01:10.728,1
2160,2020-01-02,2330,338.5,3,12:01:15.743,1
2161,2020-01-02,2330,338.5,4,12:01:20.759,1
2162,2020-01-02,2330,338.5,8,12:01:25.773,1
2163,2020-01-02,2330,338.5,1,12:01:30.788,1
2164,2020-01-02,2330,338.5,2,12:01:35.803,1
2165,2020-01-02,2330,338.5,4,12:01:40.818,1
2166,2020-01-02,2330,338.5,9,12:01:45.831,1
2167,2020-01-02,2330,338.5,6,12:01:50.846,1
2168,2020-01-02,2330,338.5,4,12:01:55.860,1
2169,2020-01-02,2330,338.5,2,12:02:00.874,1
2170,2020-01-02,2330,338.5,9,12:02:05.889,1
2171,2020-01-02,2330,338.5,5,12:02:10.905,1
2172,2020-01-02,2330,338.5,1,12:02:15.965,1
2173,2020-01-02,2330,338.0,4,12:02:21.014,1
2174,2020-01-02,2330,338.5,3,12:02:26.057,1
2175,2020-01-02,2330,338.5,10,12:02:31.091,1
2176,2020-01-02,2330,338.5,1,12:02:36.123,1
2177,2020-01-02,2330,338.5,2,12:02:41.151,1
2178,2020-01-02,2330,338.5,6,12:02:46.175,1
2179,2020-01-02,2330,338.5,4,12:02:51.199,1
2180,2020-01-02,2330,338.5,5,12:02:56.221,1
2181,2020-01-02,2330,338.0,4,12:03:01.243,1
2182,2020-01-02,2330,338.5,6,12:03:06.264,1
2183,2020-01-02,2330,338.5,7,12:03:11.286,1
2184,2020-01-02,2330,338.5,1,12:03:16.307,1
2185,2020-01-02,2330,338.0,3,12:03:21.327,1
2186,2020-01-02,2330,338.5,8,12:03:26.348,1
2187,2020-01-02,2330,338.5,4,12:03:31.368,1
2188,2020-01-02,2330,338.5,88,12:03:36.387,1
2189,2020-01-02,2330,338.5,10,12:03:41.406,1
2190,2020-01-02,2330,338.5,24,12:03:46.425,1
2191,2020-01-02,2330,338.5,6,12:03:51.444,1
2192,2020-01-02,2330,338.5,3,12:03:56.462,1
2193,2020-01-02,2330,338.5,16,12:04:01.478,1
2194,2020-01-02,2330,338.5,22,12:04:06.499,1
2195,2020-01-02,2330,338.5,8,12:04:11.518,1
2196,2020-01-02,2330,338.5,11,12:04:16.538,1
2197,2020-01-02,2330,338.5,3,12:04:21.558,1
2198,2020-01-02,2330,338.5,7,12:04:26.577,1
2199,2020-01-02,2330,338.5,5,12:04:31.597,1
2200,2020-01-02,2330,338.5,4,12:04:36.617,1
2201,2020-01-02,2330,338.5,3,12:04:41.634,1
2202,2020-01-02,2330,338.5,8,12:04:46.654,1
2203,2020-01-02,2330,338.5,6,12:04:51.674,1
2204,2020-01-02,2330,338.5,3,12:04:56.693,1
2205,2020-01-02,2330,338.5,6,12:05:01.713,1
2206,2020-01-02,2330,338.5,6,12:05:06.730,1
2207,2020-01-02,2330,338.5,4,12:05:11.748,1
2208,2020-01-02,2330,338.5,17,12:05:16.767,1
2209,2020-01-02,2330,338.5,6,12:05:21.787,1
2210,2020-01-02,2330,338.5,8,12:05:26.808,1
2211,2020-01-02,2330,338.5,4,12:05:31.828,1
2212,2020-01-02,2330,338.5,2,12:05:36.848,1
2213,2020-01-02,2330,338.5,11,12:05:41.865,1
2214,2020-01-02,2330,338.5,14,12:05:46.885,1
2215,2020-01-02,2330,338.5,23,12:05:51.905,1
2216,2020-01-02,2330,338.5,12,12:05:56.925,1
2217,2020-01-02,2330,338.5,4,12:06:01.944,1
2218,2020-01-02,2330,339.0,6,12:06:06.962,1
2219,2020-01-02,2330,339.0,2,12:06:11.982,1
2220,2020-01-02,2330,339.0,2,12:06:17.003,1
2221,2020-01-02,2330,339.0,3,12:06:22.023,1
2222,2020-01-02,2330,339.0,6,12:06:27.043,1
2223,2020-01-02,2330,339.0,1,12:06:32.063,1
2224,2020-01-02,2330,339.0,4,12:06:37.083,1
2225,2020-01-02,2330,339.0,1,12:06:42.104,1
2226,2020-01-02,2330,339.0,8,12:06:47.123,1
2227,2020-01-02,2330,339.0,2,12:06:52.142,1
2228,2020-01-02,2330,338.5,2,12:06:57.162,1
2229,2020-01-02,2330,339.0,2,12:07:02.181,1
2230,2020-01-02,2330,339.0,7,12:07:07.200,1
2231,2020-01-02,2330,339.0,3,12:07:12.207,1
2232,2020-01-02,2330,339.0,8,12:07:17.383,1
2233,2020-01-02,2330,339.0,3,12:07:22.570,1
2234,2020-01-02,2330,339.0,7,12:07:27.763,1
2235,2020-01-02,2330,339.0,5,12:07:32.962,1
